3742 5109
592 611 661 685 170
763 584 920 659 LIBRI
945 583 1210 659 AB‘ANNO
1241 607 1352 680 1470,

637 726 769 818 cpiswlis
782 729 832 822 'ad
850 725 1027 812 Ficietum3
1049 722 1187 823 ideoque
1210 746 1359 798 nascente
1379 724 1440 799 hac
1456 744 1523 801 arte

638 845 671 915 in
694 842 876 918 Sorbonnd.
1536 826 1593 873 '⁹

686 981 867 1055 Editionem
881 982 964 1054 hanc
984 983 1143 1079 ignoravit
1156 982 1329 1056 Cheviliier
1347 1002 1379 1056 et
1394 983 1420 1055 si
1437 985 1523 1058 hanc

638 1102 765 1173 vidisset
791 1101 897 1180 Dom.
920 1101 1141 1199 Maugerard‚
1165 1128 1245 1198 opus
1269 1119 1337 1175 non
1360 1105 1523 1200 allegasset

637 1220 696 1293 sub
723 1220 854 1293 nomine
883 1223 1032 1313 Epistola
1065 1223 1119 1290 Pii
1143 1223 1194 1289 tl
1222 1205 1267 1290 od
1297 1225 1453 1294 Joaooem
1486 1226 1523 1292 de

639 1340 722 1411 Aiclz
739 1364 763 1425 ;,
777 1340 857 1436 quia
872 1339 905 1408 in
932 1337 1070 1410 editione
1094 1338 1236 1409 Zellianai
1267 1337 1330 1436 qud
1352 1323 1522 1430 utebatur,

637 1458 781 1552 praefatio
815 1454 929 1526 AEneae
963 1456 1052 1526 Silvii
1087 1456 1291 1529 confunditur
1324 1483 1398 1528 cum
1434 1475 1522 1530 textu

638 1576 743 1671 operis
769 1578 804 1663 de
828 1578 958 1645 miseriis
986 1577 1187 1662 Coriallum,
1217 1601 1289 1671 quae
1320 1575 1352 1644 in
1380 1573 1522 1645 Zelliand

638 1694 753 1768 desinit
767 1719 849 1775 ‚curn
870 1691 955 1763 linei
986 1695 1030 1763 16
1058 1693 1181 1789 paginae
1204 1692 1377 1781 secunde,
1402 1693 1521 1795 absque

638 1811 701 1883 unt
724 1812 945 1908 separatione,
969 1808 1050 1881 dtm'
1068 1810 1147 1883 vero
1173 1812 1205 1882 in
1230 1813 1290 1883 hac
1315 1811 1522 1905 summoperd

562 1975 565 1980 -
613 1950 797 2024 separatur
831 1950 863 2000 et
896 1930 944 1999 his
976 1928 1084 2024 incipit
1118 1931 1252 2002 verbis:
1280 1957 1379 2001 aeoeas
1403 1933 1521 1999 Silvius

563 2105 566 2111 .
632 2063 725 2141 poeta
746 2050 916 2149 Laurentus
932 2053 1061 2118 salutem
1077 2052 1249 2139 plurimam
1268 2052 1341 2118 dicit
1355 2051 1522 2141 perspicaci

637 2192 675 2236 ao
700 2172 782 2237 claro
795 2169 1020 2255 jurisconsulto
1042 2168 1164 2238 Ioanni
1187 2170 1221 2236 de
1239 2169 1317 2236 Ech.

709 2306 831 2378 Stultos
853 2334 913 2379 esse
935 2310 990 2399 qui
1006 2310 1123 2404 regibus
1141 2310 1299 2396 serviunt,
1324 2326 1385 2380 etc.

564 2481 568 2490 ·
684 2444 760 2515 vra.
779 2416 879 2533 rina,
897 2471 969 2541 pag.
985 2470 1056 2539 47,
1073 2446 1139 2519 No..
1158 2449 1217 2536 46.
1238 2446 1395 2516 Potuisset
1411 2444 1522 2516 isias

636 2560 721 2630 Rive
740 2561 913 2632 editionem
940 2564 1023 2633 hanc
1052 2590 1117 2634 suae
1140 2566 1234 2634 etiam
1262 2563 1378 2635 addere
1406 2564 1520 2653 seriei,

636 2703 707 2773 pag.
736 2700 804 2777 59,
827 2684 861 2749 de
877 2687 910 2749 la
931 2682 1035 2751 chasse
1053 2708 1121 2780 aua
1140 2684 1395 2777 Bibliogroplres,

540 2900 542 2909 '
592 2895 668 2977 162
700 2892 842 2977 AEneae
862 2894 974 2981 Siivii
989 2922 1118 3008 poetae
1135 2900 1321 2983 Laureati
1339 2896 1520 3010 epistolae

641 3025 864 3113 familiares.
896 3029 1045 3115 In-fol.
1074 3062 1128 3117 nr.
1156 3064 1197 3119 v.

683 3236 780 3312 Caret
802 3240 933 3311 nornine
953 3242 1017 3314 loci
1029 3241 1040 3328 ξ
1064 3245 1138 3313 anni
1164 3270 1201 3317 ac
1224 3242 1438 3337 Typographi
1462 3240 1519 3311 sed

634 3358 760 3454 insignis
781 3379 847 3448 est,
868 3386 904 3432 ac
923 3360 1113 3457 dignoscitur
1132 3360 1231 3434 hireni
1243 3360 1472 3465 RPlotarclzi
1489 3361 1520 3430 la

635 3478 788 3550 Vallidre.
808 3478 1019 3551 -Praenrittitur
1053 3482 1186 3575 epistola
1216 3508 1278 3551 una
1312 3478 1443 3549 Nicolai
1477 3476 1518 3545 de

585 3660 587 3664 ,
635 3596 731 3665 Vuile
755 3596 890 3667 Comitis
911 3599 1076 3692 imperialis
1100 3598 1288 3669 Consistorii
1313 3617 1343 3668 et
1360 3594 1520 3671 Canonici

634 3710 879 3800 Lateranensis,
907 3736 939 3785 et
965 3714 1105 3803 desinit,
1128 3716 1208 3785 folio
1238 3736 1328 3784 recto
1354 3739 1427 3783 curn
1446 3693 1519 3805 ⁸quo

565 3813 574 3924 J
636 3830 818 3906 terminatur
837 3830 1007 3929 descriptio
1031 3833 1114 3905 urbis
1141 3833 1341 3935 Viennensis:
1357 3833 1396 3904 ab
1414 3828 1519 3907 AEned
