3742 5109
603 558 815 634 ANNO
868 553 975 654 1476.
1076 576 1079 583 ’
1188 586 1260 661 399

377 705 522 792 liorum3
545 728 621 775 cum
648 701 705 773 XI
731 700 841 795 incipit
871 701 944 772 sic:
973 698 1027 791 qui
1056 699 1205 770 comincia
1236 710 1265 775 el

369 813 530 917 proehmio
552 824 603 892 det
621 824 853 918 Vulgariputore
874 822 924 890 del
936 822 1013 889 libro
1033 822 1067 889 di
1085 820 1155 891 Tito
1172 822 1263 895 Livio

377 946 532 1016 Padoano
557 946 636 1012 della
660 963 771 1033 quartu
794 942 910 1030 Deua,
931 958 994 1012 etc.
1070 937 1076 966 ³
1263 927 1270 942 ⁸

427 1064 477 1133 Ex
501 1064 567 1133 hoc
581 1081 695 1133 tamen
717 1060 857 1155 prologo
879 1058 1096 1149 translatoris,
1120 1085 1187 1131 non
1203 1088 1274 1157 po*

379 1199 439 1253 test
472 1180 578 1251 inferri
611 1180 705 1275 ipsius
729 1169 883 1269 nomen,
914 1178 985 1250 haec
1020 1177 1106 1249 enim
1139 1180 1264 1253 tantum

380 1300 480 1370 verba
507 1324 568 1394 pro
606 1298 677 1393 ipso
709 1295 854 1368 faciunt:
889 1321 1048 1367 corrosum
1078 1302 1184 1395 meglio
1214 1302 1265 1370 cte
1366 1384 1376 1388 ,

380 1423 518 1508 altuno,
538 1422 617 1487 altro
636 1415 748 1487 honore
769 1420 903 1505 alcuno,
925 1438 945 1483 o
968 1420 1057 1487 uude
1078 1421 1155 1488 milti
1176 1424 1264 1490 Ven·
1363 1435 1367 1456 '

375 1563 474 1633 gano.
498 1539 576 1606 Non
600 1564 623 1605 a
651 1563 699 1606 me
727 1538 811 1607 simo
838 1538 960 1605 rendere
988 1563 1043 1605 mu
1069 1563 1091 1605 a
1111 1542 1191 1608 colui
1215 1541 1266 1636 clu

381 1660 462 1727 actio
490 1657 673 1728 m’indusse.
707 1657 789 1724 Cioe·
805 1657 833 1723 il
855 1657 956 1725 nobile
983 1659 1125 1727 cavatore·
1148 1659 1266 1753 ostagio

380 1779 423 1845 da
438 1780 564 1867 polenta
585 1776 814 1867 ispeciulissimo
829 1776 892 1842 mio
907 1772 1028 1869 signore
1048 1779 1094 1843 ad
1113 1778 1266 1847 instantia
1312 1819 1314 1823 ·

380 1895 431 1963 det
448 1898 536 1987 quale
558 1921 580 1962 a
601 1920 692 1986 opera
711 1897 740 1965 si
756 1897 881 1991 grande.
892 1919 939 1963 me
958 1896 1120 1987 disposui,
1145 1915 1207 1967 etc.

431 2029 582 2125 Sequitur
601 2050 699 2125 caput
722 2033 860 2127 primum
881 2051 1001 2127 quartae
1018 2030 1160 2105 Decadis
1182 2051 1214 2103 et
1230 2035 1268 2103 ti-

382 2145 451 2225 nito
482 2147 594 2217 ultimo
621 2148 704 2217 libro
736 2148 850 2243 legitur
874 2174 884 2217 τ
906 2150 1005 2237 finito
1033 2149 1165 2217 l'ultt'mo
1191 2152 1269 2219 libro

382 2264 462 2331 della
483 2286 595 2353 quarta
624 2268 696 2335 deca
718 2268 751 2333 di
781 2265 851 2333 Tito
876 2266 968 2337 Livio
994 2267 1150 2335 Paduam
1174 2267 1269 2337 histo-

384 2382 446 2448 rico
469 2383 660 2477 dignissimo.
683 2384 757 2452 Deo
775 2384 906 2478 granas.
931 2384 1048 2455 Amen.

433 2501 594 2596 Regnante
606 2504 633 2570 il
645 2504 841 2571 sanctissimo
850 2524 879 2569 ct
888 2503 1062 2572 beatissimo
1070 2504 1169 2593 padre
1184 2505 1268 2573 xisto

378 2619 501 2710 pritifice
524 2624 664 2688 maximo
686 2624 721 2689 im
744 2625 797 2689 nel
815 2622 924 2711 quinto
946 2646 1033 2690 anno
1050 2623 1103 2690 del
1116 2646 1173 2692 suo
1181 2603 1270 2710 felice

380 2738 563 2830 pontificato
576 2741 630 2807 adi
645 2740 765 2808 XXX
777 2741 809 2807 di
828 2721 999 2834 maggio'in
1014 2725 1066 2807 nel
1080 2764 1167 2808 auno
1184 2742 1270 2811 tata

267 2935 295 2952 .,
386 2859 596 2925 incarnatione
615 2859 649 2925 di
670 2858 789 2927 Christo
813 2856 863 2927 M.
887 2854 1024 2929 CCCC.
1046 2854 1196 2928 LXXVI
1219 2856 1271 2940 fu.

372 2978 533 3079 ⁸impressu
552 2979 588 3045 lu
601 2997 738 3066 presente
759 2976 850 3045 Dua
867 2977 903 3044 in
924 2978 1009 3045 nella
1027 2978 1099 3045 tittu
1116 2977 1148 3043 di
1164 2976 1270 3044 Roma

266 3111 270 3125 ·
343 3133 345 3136 -
386 3091 485 3184 appiso
504 3098 538 3162 al
551 3097 673 3184 palutio
694 3098 728 3163 dt
748 3103 787 3164 sti
807 3118 921 3164 marco.
947 3094 988 3163 Et
1009 3094 1148 3188 sequitur
1176 3092 1272 3188 regis·

387 3211 471 3301 trum
498 3212 765 3303 quintetnionum.
792 3212 829 3279 ln
851 3211 898 3279 his
919 3211 1016 3280 tribus
1043 3194 1138 3279 tomis
1159 3210 1272 3281 desunt

382 3354 500 3415 num,
518 3326 668 3414 custod.,
692 3330 855 3422 signaturae
880 3346 912 3397 et
928 3328 1036 3396 litterae
1061 3326 1272 3421 principales;
1376 3358 1378 3361 ’

388 3446 492 3516 sedin
510 3445 575 3514 fine
591 3463 676 3514 extat
696 3469 821 3538 semper
838 3446 1014 3539 registrum.
1038 3444 1103 3541 Sub
1119 3444 1272 3517 column&

389 3564 529 3659 duplici,
552 3590 626 3647 curn
648 3562 828 3634 charactere
850 3564 973 3633 minuto
991 3589 1028 3633 ac
1046 3562 1197 3636 rotundo.

326 3721 329 3726 ’
440 3701 538 3797 Apud
559 3701 592 3774 S.
616 3702 765 3773 Marcum
784 3701 983 3797 imprimebat
1001 3685 1130 3772 Ulricus
1149 3700 1275 3774 Gallus.

391 3822 446 3893 An
469 3820 549 3895 vero
571 3824 657 3896 hunc
679 3822 807 3895 Livium
836 3820 1058 3921 impresserit?
1087 3822 1146 3893 sub
1172 3816 1288 3909 judice,
1307 3880 1340 3935 ‚⁴
1420 3831 1443 3860 ··
1466 3851 1472 3863 ·
