<?xml version="1.0" encoding="UTF-8"?>
<!DOCTYPE html PUBLIC "-//W3C//DTD XHTML 1.0 Transitional//EN"
    "http://www.w3.org/TR/xhtml1/DTD/xhtml1-transitional.dtd">
<html xmlns="http://www.w3.org/1999/xhtml" xml:lang="en" lang="en">
 <head>
  <title>
</title>
<meta http-equiv="Content-Type" content="text/html;charset=utf-8" />
  <meta name='ocr-system' content='tesseract 3.04.00' />
  <meta name='ocr-capabilities' content='ocr_page ocr_carea ocr_par ocr_line ocrx_word'/>
</head>
<body>
  <div class='ocr_page' id='page_1' title='image "./indexlibrorumab03lairgoog_0426.png"; bbox 0 0 3742 5109; ppageno 0'>
   <div class='ocr_carea' id='block_1_1' title="bbox 586 582 1251 696">
    <p class='ocr_par' dir='ltr' id='par_1_1' title="bbox 586 582 1251 696">
     <span class='ocr_line' id='line_1_1' title="bbox 586 582 1251 696; baseline -0.005 -38"><span class='ocrx_word' id='word_1_1' title='bbox 586 606 662 696; x_wconf 44' lang='lat' dir='ltr'>Mo</span> <span class='ocrx_word' id='word_1_2' title='bbox 859 582 1251 658; x_wconf 86' lang='lat' dir='ltr'>LIBRISUB</span> 
     </span>
    </p>
   </div>
   <div class='ocr_carea' id='block_1_2' title="bbox 510 738 1599 1667">
    <p class='ocr_par' dir='ltr' id='par_1_2' title="bbox 638 738 1547 838">
     <span class='ocr_line' id='line_1_2' title="bbox 638 738 1547 838; baseline -0.003 -16"><span class='ocrx_word' id='word_1_3' title='bbox 638 748 697 823; x_wconf 81' lang='lat' dir='ltr'>tria</span> <span class='ocrx_word' id='word_1_4' title='bbox 719 744 870 817; x_wconf 83' lang='lat' dir='ltr'>exhibent</span> <span class='ocrx_word' id='word_1_5' title='bbox 896 741 1032 814; x_wconf 87' lang='lat' dir='ltr'>indicem</span> <span class='ocrx_word' id='word_1_6' title='bbox 1060 760 1237 813; x_wconf 89' lang='lat' dir='ltr'>erratorum</span> <span class='ocrx_word' id='word_1_7' title='bbox 1262 738 1547 838; x_wconf 84' lang='lat' dir='ltr'>corrigendorum</span> 
     </span>
    </p>

    <p class='ocr_par' dir='ltr' id='par_1_3' title="bbox 510 860 1599 1667">
     <span class='ocr_line' id='line_1_3' title="bbox 510 860 1599 966; baseline -0.002 -29"><span class='ocrx_word' id='word_1_8' title='bbox 510 893 513 899; x_wconf 58' lang='lat'><strong>⁴</strong></span> <span class='ocrx_word' id='word_1_9' title='bbox 560 935 568 948; x_wconf 74' lang='grc'>,</span> <span class='ocrx_word' id='word_1_10' title='bbox 640 866 721 966; x_wconf 87' lang='lat' dir='ltr'>(qui</span> <span class='ocrx_word' id='word_1_11' title='bbox 739 862 821 935; x_wconf 68' lang='lat' dir='ltr'>forti</span> <span class='ocrx_word' id='word_1_12' title='bbox 838 862 1055 956; x_wconf 85' lang='lat' dir='ltr'>liber-primus</span> <span class='ocrx_word' id='word_1_13' title='bbox 1073 879 1120 931; x_wconf 90' lang='lat' dir='ltr'>est</span> <span class='ocrx_word' id='word_1_14' title='bbox 1139 860 1169 929; x_wconf 87' lang='lat' dir='ltr'>in</span> <span class='ocrx_word' id='word_1_15' title='bbox 1186 883 1256 955; x_wconf 88' lang='lat' dir='ltr'>quo</span> <span class='ocrx_word' id='word_1_16' title='bbox 1281 860 1420 932; x_wconf 88' lang='lat' dir='ltr'>menda</span> <span class='ocrx_word' id='word_1_17' title='bbox 1441 887 1546 937; x_wconf 81' lang='lat' dir='ltr'>notata</span> <span class='ocrx_word' id='word_1_18' title='bbox 1594 945 1599 956; x_wconf 29' lang='grc'>1</span> 
     </span>
     <span class='ocr_line' id='line_1_4' title="bbox 637 975 1546 1078; baseline -0.003 -22"><span class='ocrx_word' id='word_1_19' title='bbox 637 978 804 1078; x_wconf 81' lang='lat' dir='ltr'>fuerint3)</span> <span class='ocrx_word' id='word_1_20' title='bbox 824 1000 970 1076; x_wconf 87' lang='lat' dir='ltr'>quartum</span> <span class='ocrx_word' id='word_1_21' title='bbox 992 975 1087 1049; x_wconf 85' lang='lat' dir='ltr'>refert</span> <span class='ocrx_word' id='word_1_22' title='bbox 1109 978 1279 1073; x_wconf 83' lang='lat' dir='ltr'>epistolam</span> <span class='ocrx_word' id='word_1_23' title='bbox 1298 977 1496 1070; x_wconf 82' lang='lat' dir='ltr'>Marliani3</span> <span class='ocrx_word' id='word_1_24' title='bbox 1518 1003 1546 1053; x_wconf 87' lang='lat' dir='ltr'>er</span> 
     </span>
     <span class='ocr_line' id='line_1_5' title="bbox 639 1092 1545 1201; baseline -0.001 -28"><span class='ocrx_word' id='word_1_25' title='bbox 639 1104 783 1201; x_wconf 88' lang='lat' dir='ltr'>quintum</span> <span class='ocrx_word' id='word_1_26' title='bbox 808 1124 907 1169; x_wconf 88' lang='lat' dir='ltr'>unum</span> <span class='ocrx_word' id='word_1_27' title='bbox 933 1092 1091 1187; x_wconf 80' lang='lat' dir='ltr'>Leonardi</span> <span class='ocrx_word' id='word_1_28' title='bbox 1118 1093 1320 1181; x_wconf 79' lang='lat' dir='ltr'>Justiniani3</span> <span class='ocrx_word' id='word_1_29' title='bbox 1357 1122 1445 1170; x_wconf 87' lang='lat' dir='ltr'>curn</span> <span class='ocrx_word' id='word_1_30' title='bbox 1469 1098 1545 1172; x_wconf 89' lang='lat' dir='ltr'>folio</span> 
     </span>
     <span class='ocr_line' id='line_1_6' title="bbox 639 1212 1545 1309; baseline -0.006 -16"><span class='ocrx_word' id='word_1_31' title='bbox 639 1241 728 1293; x_wconf 88' lang='lat' dir='ltr'>recto</span> <span class='ocrx_word' id='word_1_32' title='bbox 752 1217 935 1297; x_wconf 82' lang='lat' dir='ltr'>terminatur</span> <span class='ocrx_word' id='word_1_33' title='bbox 954 1215 1109 1285; x_wconf 86' lang='lat' dir='ltr'>volumen</span> <span class='ocrx_word' id='word_1_34' title='bbox 1130 1212 1288 1309; x_wconf 64' lang='lat' dir='ltr'>signaturis</span> <span class='ocrx_word' id='word_1_35' title='bbox 1308 1214 1381 1307; x_wconf 87' lang='lat' dir='ltr'>M,</span> <span class='ocrx_word' id='word_1_36' title='bbox 1415 1237 1451 1289; x_wconf 90' lang='lat' dir='ltr'>et</span> <span class='ocrx_word' id='word_1_37' title='bbox 1474 1245 1545 1290; x_wconf 87' lang='lat' dir='ltr'>curn</span> 
     </span>
     <span class='ocr_line' id='line_1_7' title="bbox 643 1329 1545 1429; baseline -0.001 -19"><span class='ocrx_word' id='word_1_38' title='bbox 643 1364 686 1411; x_wconf 85' lang='lat'>12</span> <span class='ocrx_word' id='word_1_39' title='bbox 702 1337 800 1408; x_wconf 88' lang='lat' dir='ltr'>lineis.</span> <span class='ocrx_word' id='word_1_40' title='bbox 818 1334 913 1429; x_wconf 85' lang='lat' dir='ltr'>Opus</span> <span class='ocrx_word' id='word_1_41' title='bbox 928 1332 1117 1403; x_wconf 84' lang='lat' dir='ltr'>rarissimum</span> <span class='ocrx_word' id='word_1_42' title='bbox 1127 1386 1138 1419; x_wconf 92' lang='lat'><strong>,</strong></span> <span class='ocrx_word' id='word_1_43' title='bbox 1157 1329 1197 1401; x_wconf 90' lang='lat' dir='ltr'>de</span> <span class='ocrx_word' id='word_1_44' title='bbox 1216 1357 1285 1427; x_wconf 93' lang='lat' dir='ltr'>quo</span> <span class='ocrx_word' id='word_1_45' title='bbox 1306 1332 1392 1405; x_wconf 87' lang='lat' dir='ltr'>vide</span> <span class='ocrx_word' id='word_1_46' title='bbox 1410 1335 1545 1409; x_wconf 73' lang='lat' dir='ltr'>Surium</span> 
     </span>
     <span class='ocr_line' id='line_1_8' title="bbox 637 1450 1544 1547; baseline -0.004 -19"><span class='ocrx_word' id='word_1_47' title='bbox 637 1458 785 1528; x_wconf 78' lang='lat' dir='ltr'><em>Bibliorh.</em></span> <span class='ocrx_word' id='word_1_48' title='bbox 809 1453 981 1523; x_wconf 81' lang='lat' dir='ltr'><em>Mediolan.</em></span> <span class='ocrx_word' id='word_1_49' title='bbox 1000 1450 1097 1519; x_wconf 82' lang='lat' dir='ltr'>Torno</span> <span class='ocrx_word' id='word_1_50' title='bbox 1112 1452 1237 1542; x_wconf 79' lang='lat' dir='ltr'>primu,</span> <span class='ocrx_word' id='word_1_51' title='bbox 1254 1477 1339 1547; x_wconf 83' lang='lat' dir='ltr'><em>pag.</em></span> <span class='ocrx_word' id='word_1_52' title='bbox 1366 1455 1475 1546; x_wconf 84' lang='lat'>614,</span> <span class='ocrx_word' id='word_1_53' title='bbox 1493 1458 1544 1528; x_wconf 88' lang='lat' dir='ltr'>ubi</span> 
     </span>
     <span class='ocr_line' id='line_1_9' title="bbox 639 1568 1431 1667; baseline -0.008 -22"><span class='ocrx_word' id='word_1_54' title='bbox 639 1573 816 1647; x_wconf 85' lang='lat' dir='ltr'>Mediolani</span> <span class='ocrx_word' id='word_1_55' title='bbox 835 1574 1021 1667; x_wconf 88' lang='lat' dir='ltr'>impressum</span> <span class='ocrx_word' id='word_1_56' title='bbox 1039 1568 1132 1647; x_wconf 86' lang='lat' dir='ltr'>fuisse</span> <span class='ocrx_word' id='word_1_57' title='bbox 1151 1568 1246 1641; x_wconf 87' lang='lat' dir='ltr'>etiam</span> <span class='ocrx_word' id='word_1_58' title='bbox 1267 1569 1431 1645; x_wconf 81' lang='lat' dir='ltr'>affirmat.</span> 
     </span>
    </p>
   </div>
   <div class='ocr_carea' id='block_1_3' title="bbox 549 1807 1539 2327">
    <p class='ocr_par' dir='ltr' id='par_1_4' title="bbox 591 1807 1539 1923">
     <span class='ocr_line' id='line_1_10' title="bbox 591 1807 1539 1923; baseline 0.004 -27"><span class='ocrx_word' id='word_1_59' title='bbox 591 1839 645 1923; x_wconf 84' lang='lat'>30</span> <span class='ocrx_word' id='word_1_60' title='bbox 658 1810 719 1922; x_wconf 72' lang='lat' dir='ltr'>Pii</span> <span class='ocrx_word' id='word_1_61' title='bbox 739 1810 780 1893; x_wconf 88' lang='lat'>11</span> <span class='ocrx_word' id='word_1_62' title='bbox 800 1807 1009 1893; x_wconf 89' lang='lat' dir='ltr'>Pontificis</span> <span class='ocrx_word' id='word_1_63' title='bbox 1028 1812 1187 1890; x_wconf 85' lang='lat' dir='ltr'>maximi</span> <span class='ocrx_word' id='word_1_64' title='bbox 1203 1808 1380 1893; x_wconf 87' lang='lat' dir='ltr'>historia</span> <span class='ocrx_word' id='word_1_65' title='bbox 1403 1841 1539 1899; x_wconf 87' lang='lat' dir='ltr'>rerum</span> 
     </span>
    </p>

    <p class='ocr_par' dir='ltr' id='par_1_5' title="bbox 582 1938 1539 2059">
     <span class='ocr_line' id='line_1_11' title="bbox 582 1938 1539 2059; baseline 0.001 -32"><span class='ocrx_word' id='word_1_66' title='bbox 582 2021 585 2027; x_wconf 89' lang='grc'><em>,</em></span> <span class='ocrx_word' id='word_1_67' title='bbox 645 1944 794 2055; x_wconf 76' lang='lat' dir='ltr'>ubique</span> <span class='ocrx_word' id='word_1_68' title='bbox 817 1966 1123 2057; x_wconf 84' lang='lat' dir='ltr'>gestarumcum</span> <span class='ocrx_word' id='word_1_69' title='bbox 1140 1938 1329 2026; x_wconf 87' lang='lat' dir='ltr'>locorum</span> <span class='ocrx_word' id='word_1_70' title='bbox 1354 1944 1539 2059; x_wconf 88' lang='lat' dir='ltr'>descrip-</span> 
     </span>
    </p>

    <p class='ocr_par' dir='ltr' id='par_1_6' title="bbox 549 2071 1536 2327">
     <span class='ocr_line' id='line_1_12' title="bbox 582 2071 1536 2189; baseline 0.003 -28"><span class='ocrx_word' id='word_1_71' title='bbox 582 2104 586 2154; x_wconf 90' lang='grc'>·.</span> <span class='ocrx_word' id='word_1_72' title='bbox 644 2082 786 2178; x_wconf 85' lang='lat' dir='ltr'>tione,</span> <span class='ocrx_word' id='word_1_73' title='bbox 815 2104 902 2159; x_wconf 90' lang='lat' dir='ltr'>non</span> <span class='ocrx_word' id='word_1_74' title='bbox 928 2074 1056 2159; x_wconf 84' lang='lat' dir='ltr'>finita.</span> <span class='ocrx_word' id='word_1_75' title='bbox 1091 2071 1223 2189; x_wconf 82' lang='lat' dir='ltr'>(Asia</span> <span class='ocrx_word' id='word_1_76' title='bbox 1253 2081 1397 2162; x_wconf 87' lang='lat' dir='ltr'>minor</span> <span class='ocrx_word' id='word_1_77' title='bbox 1430 2086 1536 2164; x_wconf 87' lang='lat' dir='ltr'>inci·</span> 
     </span>
     <span class='ocr_line' id='line_1_13' title="bbox 549 2205 1057 2327; baseline -0.012 -31"><span class='ocrx_word' id='word_1_78' title='bbox 549 2320 551 2327; x_wconf 14' lang='grc' dir='ltr'><strong><em>Α</em></strong></span> <span class='ocrx_word' id='word_1_79' title='bbox 644 2207 753 2325; x_wconf 88' lang='lat' dir='ltr'>pit.)</span> <span class='ocrx_word' id='word_1_80' title='bbox 779 2205 918 2307; x_wconf 80' lang='lat' dir='ltr'>ln-fol.</span> <span class='ocrx_word' id='word_1_81' title='bbox 945 2238 999 2294; x_wconf 87' lang='lat' dir='ltr'>m.</span> <span class='ocrx_word' id='word_1_82' title='bbox 1025 2237 1057 2292; x_wconf 92' lang='lat' dir='ltr'>r.</span> 
     </span>
    </p>
   </div>
   <div class='ocr_carea' id='block_1_4' title="bbox 590 2394 1534 2537">
    <p class='ocr_par' dir='ltr' id='par_1_7' title="bbox 590 2394 1534 2537">
     <span class='ocr_line' id='line_1_14' title="bbox 590 2394 1534 2537; baseline 0.006 -30"><span class='ocrx_word' id='word_1_83' title='bbox 590 2503 592 2507; x_wconf 79' lang='grc'>,</span> <span class='ocrx_word' id='word_1_84' title='bbox 685 2443 721 2512; x_wconf 86' lang='lat' dir='ltr'>ln</span> <span class='ocrx_word' id='word_1_85' title='bbox 743 2441 807 2512; x_wconf 86' lang='lat' dir='ltr'>fine</span> <span class='ocrx_word' id='word_1_86' title='bbox 828 2442 939 2537; x_wconf 88' lang='lat' dir='ltr'>legitur</span> <span class='ocrx_word' id='word_1_87' title='bbox 953 2401 964 2513; x_wconf 75' lang='lat'>:¹</span> <span class='ocrx_word' id='word_1_88' title='bbox 984 2444 1036 2512; x_wconf 88' lang='lat' dir='ltr'>Pii</span> <span class='ocrx_word' id='word_1_89' title='bbox 1063 2443 1107 2511; x_wconf 87' lang='lat' dir='ltr'>II</span> <span class='ocrx_word' id='word_1_90' title='bbox 1128 2394 1233 2511; x_wconf 69' lang='lat' dir='ltr'>i’onri.</span> <span class='ocrx_word' id='word_1_91' title='bbox 1263 2444 1406 2514; x_wconf 75' lang='lat' dir='ltr'><em>mdximi</em></span> <span class='ocrx_word' id='word_1_92' title='bbox 1432 2404 1534 2515; x_wconf 82' lang='lat' dir='ltr'>histo·</span> 
     </span>
    </p>
   </div>
   <div class='ocr_carea' id='block_1_5' title="bbox 512 2561 1534 2886">
    <p class='ocr_par' dir='ltr' id='par_1_8' title="bbox 512 2561 1534 2886">
     <span class='ocr_line' id='line_1_15' title="bbox 634 2561 1534 2656; baseline 0 -24"><span class='ocrx_word' id='word_1_93' title='bbox 634 2562 689 2633; x_wconf 84' lang='lat' dir='ltr'>&#39;riae</span> <span class='ocrx_word' id='word_1_94' title='bbox 710 2585 808 2630; x_wconf 82' lang='lat' dir='ltr'>rerum</span> <span class='ocrx_word' id='word_1_95' title='bbox 835 2562 943 2652; x_wconf 83' lang='lat' dir='ltr'>ubique</span> <span class='ocrx_word' id='word_1_96' title='bbox 961 2581 1113 2656; x_wconf 82' lang='lat' dir='ltr'>gestarum</span> <span class='ocrx_word' id='word_1_97' title='bbox 1128 2561 1234 2650; x_wconf 84' lang='lat' dir='ltr'>prima</span> <span class='ocrx_word' id='word_1_98' title='bbox 1254 2585 1336 2650; x_wconf 85' lang='lat' dir='ltr'>pars</span> <span class='ocrx_word' id='word_1_99' title='bbox 1353 2562 1483 2650; x_wconf 84' lang='lat' dir='ltr'>finitur</span> <span class='ocrx_word' id='word_1_100' title='bbox 1505 2585 1534 2632; x_wconf 81' lang='lat' dir='ltr'>ct</span> 
     </span>
     <span class='ocr_line' id='line_1_16' title="bbox 564 2676 1531 2770; baseline 0.002 -22"><span class='ocrx_word' id='word_1_101' title='bbox 564 2679 567 2684; x_wconf 75' lang='grc'><strong>’</strong></span> <span class='ocrx_word' id='word_1_102' title='bbox 637 2680 828 2770; x_wconf 82' lang='lat' dir='ltr'><em>impressioni</em></span> <span class='ocrx_word' id='word_1_103' title='bbox 850 2680 985 2748; x_wconf 82' lang='lat' dir='ltr'>Veneriis</span> <span class='ocrx_word' id='word_1_104' title='bbox 1012 2680 1111 2746; x_wconf 71' lang='lat' dir='ltr'>declina</span> <span class='ocrx_word' id='word_1_105' title='bbox 1125 2704 1184 2768; x_wconf 82' lang='lat' dir='ltr'>per</span> <span class='ocrx_word' id='word_1_106' title='bbox 1200 2676 1380 2749; x_wconf 77' lang='lat' dir='ltr'><em>Iohannem</em></span> <span class='ocrx_word' id='word_1_107' title='bbox 1404 2684 1445 2750; x_wconf 73' lang='lat' dir='ltr'>de</span> <span class='ocrx_word' id='word_1_108' title='bbox 1468 2682 1531 2749; x_wconf 85' lang='lat' dir='ltr'>Co-</span> 
     </span>
     <span class='ocr_line' id='line_1_17' title="bbox 512 2795 1530 2886; baseline 0.003 -20"><span class='ocrx_word' id='word_1_109' title='bbox 512 2829 516 2836; x_wconf 95' lang='lat'>·</span> <span class='ocrx_word' id='word_1_110' title='bbox 611 2818 617 2831; x_wconf 85' lang='lat'><em>·</em></span> <span class='ocrx_word' id='word_1_111' title='bbox 636 2798 724 2866; x_wconf 83' lang='lat' dir='ltr'><em>Ionia</em></span> <span class='ocrx_word' id='word_1_112' title='bbox 746 2798 917 2886; x_wconf 83' lang='lat' dir='ltr'>sociumque</span> <span class='ocrx_word' id='word_1_113' title='bbox 939 2795 1004 2886; x_wconf 81' lang='lat' dir='ltr'>ejus</span> <span class='ocrx_word' id='word_1_114' title='bbox 1021 2796 1196 2867; x_wconf 77' lang='lat' dir='ltr'>Jolmnnern</span> <span class='ocrx_word' id='word_1_115' title='bbox 1213 2795 1371 2865; x_wconf 75' lang='lat' dir='ltr'>Manthen</span> <span class='ocrx_word' id='word_1_116' title='bbox 1390 2801 1429 2867; x_wconf 77' lang='lat' dir='ltr'>de</span> <span class='ocrx_word' id='word_1_117' title='bbox 1452 2800 1530 2870; x_wconf 78' lang='lat' dir='ltr'>Ger·</span> 
     </span>
    </p>
   </div>
   <div class='ocr_carea' id='block_1_6' title="bbox 480 2911 1497 3025">
    <p class='ocr_par' dir='ltr' id='par_1_9' title="bbox 480 2911 1497 3025">
     <span class='ocr_line' id='line_1_18' title="bbox 480 2911 1497 3025; baseline 0 -42"><span class='ocrx_word' id='word_1_118' title='bbox 480 2943 481 2946; x_wconf 44' lang='lat'>¹</span> <span class='ocrx_word' id='word_1_119' title='bbox 580 2934 741 3009; x_wconf 59' lang='lat' dir='ltr'>‚renem</span> <span class='ocrx_word' id='word_1_120' title='bbox 762 2937 850 2980; x_wconf 86' lang='lat' dir='ltr'><em>anno</em></span> <span class='ocrx_word' id='word_1_121' title='bbox 868 2916 1027 2981; x_wconf 76' lang='lat' dir='ltr'>milksirno</span> <span class='ocrx_word' id='word_1_122' title='bbox 1049 2911 1184 2985; x_wconf 87' lang='lat' dir='ltr'><strong>CCCC.</strong></span> <span class='ocrx_word' id='word_1_123' title='bbox 1210 2912 1387 2987; x_wconf 88' lang='lat' dir='ltr'>LXXVII.</span> <span class='ocrx_word' id='word_1_124' title='bbox 1488 3004 1497 3025; x_wconf 35' lang='grc' dir='ltr'>α</span> 
     </span>
    </p>
   </div>
   <div class='ocr_carea' id='block_1_7' title="bbox 580 3079 1606 3421">
    <p class='ocr_par' dir='ltr' id='par_1_10' title="bbox 580 3079 1606 3421">
     <span class='ocr_line' id='line_1_19' title="bbox 580 3079 1606 3185; baseline 0.004 -28"><span class='ocrx_word' id='word_1_125' title='bbox 580 3079 585 3089; x_wconf 72' lang='grc'>’</span> <span class='ocrx_word' id='word_1_126' title='bbox 683 3087 776 3158; x_wconf 87' lang='lat' dir='ltr'>Folio</span> <span class='ocrx_word' id='word_1_127' title='bbox 812 3112 906 3159; x_wconf 88' lang='lat' dir='ltr'>verso</span> <span class='ocrx_word' id='word_1_128' title='bbox 949 3085 1181 3183; x_wconf 85' lang='lat' dir='ltr'>subscriptionis</span> <span class='ocrx_word' id='word_1_129' title='bbox 1211 3090 1312 3159; x_wconf 63' lang='lat' dir='ltr'>&#39;extat</span> <span class='ocrx_word' id='word_1_130' title='bbox 1352 3090 1528 3185; x_wconf 87' lang='lat' dir='ltr'>registrum</span> <span class='ocrx_word' id='word_1_131' title='bbox 1587 3096 1606 3139; x_wconf 67' lang='lat'>‘³</span> 
     </span>
     <span class='ocr_line' id='line_1_20' title="bbox 636 3184 1568 3303; baseline 0.004 -28"><span class='ocrx_word' id='word_1_132' title='bbox 636 3204 771 3301; x_wconf 76' lang='lat' dir='ltr'>signat,</span> <span class='ocrx_word' id='word_1_133' title='bbox 798 3225 830 3277; x_wconf 91' lang='lat' dir='ltr'>et</span> <span class='ocrx_word' id='word_1_134' title='bbox 853 3204 1012 3278; x_wconf 87' lang='lat' dir='ltr'>codicum.</span> <span class='ocrx_word' id='word_1_135' title='bbox 1042 3207 1205 3303; x_wconf 84' lang='lat' dir='ltr'>Frequens</span> <span class='ocrx_word' id='word_1_136' title='bbox 1229 3226 1275 3277; x_wconf 89' lang='lat' dir='ltr'>est</span> <span class='ocrx_word' id='word_1_137' title='bbox 1303 3207 1337 3275; x_wconf 90' lang='lat' dir='ltr'>in</span> <span class='ocrx_word' id='word_1_138' title='bbox 1365 3207 1429 3279; x_wconf 86' lang='lat' dir='ltr'>hac</span> <span class='ocrx_word' id='word_1_139' title='bbox 1455 3184 1568 3280; x_wconf 80' lang='lat' dir='ltr'>edi-¹</span> 
     </span>
     <span class='ocr_line' id='line_1_21' title="bbox 635 3305 1527 3421; baseline -0.001 -27"><span class='ocrx_word' id='word_1_140' title='bbox 635 3325 724 3394; x_wconf 87' lang='lat' dir='ltr'>tione</span> <span class='ocrx_word' id='word_1_141' title='bbox 752 3325 936 3421; x_wconf 81' lang='lat' dir='ltr'>paginarum</span> <span class='ocrx_word' id='word_1_142' title='bbox 959 3325 993 3394; x_wconf 92' lang='lat' dir='ltr'>in</span> <span class='ocrx_word' id='word_1_143' title='bbox 1010 3305 1112 3397; x_wconf 56' lang='lat' dir='ltr'>&#39;lineis</span> <span class='ocrx_word' id='word_1_144' title='bbox 1136 3323 1338 3421; x_wconf 81' lang='lat' dir='ltr'>inaequalitas.</span> <span class='ocrx_word' id='word_1_145' title='bbox 1375 3324 1467 3399; x_wconf 85' lang='lat' dir='ltr'>Vide</span> <span class='ocrx_word' id='word_1_146' title='bbox 1497 3327 1527 3398; x_wconf 76' lang='lat' dir='ltr'>ln</span> 
     </span>
    </p>
   </div>
   <div class='ocr_carea' id='block_1_8' title="bbox 632 3441 1028 3542">
    <p class='ocr_par' dir='ltr' id='par_1_11' title="bbox 632 3441 1028 3542">
     <span class='ocr_line' id='line_1_22' title="bbox 632 3441 1028 3542; baseline -0.018 -22"><span class='ocrx_word' id='word_1_147' title='bbox 632 3442 802 3533; x_wconf 56' lang='lat' dir='ltr'>Munere,</span> <span class='ocrx_word' id='word_1_148' title='bbox 823 3441 893 3516; x_wconf 60' lang='grc' dir='ltr'>ΝΟ.</span> <span class='ocrx_word' id='word_1_149' title='bbox 919 3444 1028 3542; x_wconf 81' lang='lat'><strong>4596.</strong></span> 
     </span>
    </p>
   </div>
   <div class='ocr_carea' id='block_1_9' title="bbox 415 3676 1527 3924">
    <p class='ocr_par' dir='ltr' id='par_1_12' title="bbox 415 3676 1527 3924">
     <span class='ocr_line' id='line_1_23' title="bbox 589 3676 1526 3786; baseline 0.003 -23"><span class='ocrx_word' id='word_1_150' title='bbox 589 3702 638 3786; x_wconf 85' lang='lat'>31</span> <span class='ocrx_word' id='word_1_151' title='bbox 668 3677 758 3759; x_wconf 84' lang='lat' dir='ltr'>Caii</span> <span class='ocrx_word' id='word_1_152' title='bbox 781 3676 899 3763; x_wconf 89' lang='lat' dir='ltr'>Plinii</span> <span class='ocrx_word' id='word_1_153' title='bbox 926 3676 1091 3765; x_wconf 89' lang='lat' dir='ltr'>secundi</span> <span class='ocrx_word' id='word_1_154' title='bbox 1115 3684 1284 3763; x_wconf 85' lang='lat' dir='ltr'>oratoris</span> <span class='ocrx_word' id='word_1_155' title='bbox 1313 3676 1526 3765; x_wconf 73' lang='lat' dir='ltr'>Novo‘co-</span> 
     </span>
     <span class='ocr_line' id='line_1_24' title="bbox 415 3808 1527 3924; baseline 0.005 -35"><span class='ocrx_word' id='word_1_156' title='bbox 415 3869 426 3889; x_wconf 83' lang='lat'><strong>.</strong></span> <span class='ocrx_word' id='word_1_157' title='bbox 465 3835 469 3845; x_wconf 62' lang='lat'>¹</span> <span class='ocrx_word' id='word_1_158' title='bbox 619 3812 789 3919; x_wconf 17' lang='lat' dir='ltr'>{mensis</span> <span class='ocrx_word' id='word_1_159' title='bbox 806 3808 905 3897; x_wconf 90' lang='lat' dir='ltr'>liber</span> <span class='ocrx_word' id='word_1_160' title='bbox 920 3810 1131 3897; x_wconf 84' lang='lat' dir='ltr'>illustrium</span> <span class='ocrx_word' id='word_1_161' title='bbox 1150 3808 1384 3920; x_wconf 88' lang='lat' dir='ltr'>virorum.(</span> <span class='ocrx_word' id='word_1_162' title='bbox 1407 3811 1527 3924; x_wconf 80' lang='lat' dir='ltr'>Opus</span> 
     </span>
    </p>
   </div>
   <div class='ocr_carea' id='block_1_10' title="bbox 0 0 1876 5109">
    <p class='ocr_par' dir='ltr' id='par_1_13' title="bbox 0 0 1876 5109">
     <span class='ocr_line' id='line_1_25' title="bbox 0 0 1876 5109; baseline 0 8"><span class='ocrx_word' id='word_1_163' title='bbox 0 0 1876 5109; x_wconf 95' lang='lat' dir='ltr'> </span> 
     </span>
    </p>
   </div>
  </div>
 </body>
</html>
