3742 5109
561 596 633 680 ιμ’
827 584 1035 660 crunt
1084 588 1215 661 sun

656 763 691 832 ln
718 762 781 832 fine
806 762 874 833 sola
907 764 1041 836 habetur
1070 765 1138 835 haec
1168 762 1381 857 subscriptio:
1399 765 1483 853 finis

499 893 512 911 ⁶
548 929 550 932 -
606 882 655 954 M.
679 880 814 953 CCCC.
836 881 975 955 LXXll.
998 882 1171 955 Character
1193 882 1359 954 Romanus
1376 905 1423 953 est
1444 910 1483 953 ac

607 1002 764 1095 elegans,
790 1025 864 1071 cum
888 1000 996 1072 litteris
1024 1002 1243 1097 principalibus
1276 1002 1418 1072 miniatis.
1446 1002 1482 1069 ln

605 1139 668 1190 tres
698 1120 794 1190 libros
817 1144 898 1213 opus
921 1118 1096 1208 dividitur,
1119 1140 1150 1190 et
1173 1120 1368 1215 premittitur
1387 1118 1482 1189 index

576 1235 578 1239 ’
605 1238 815 1333 capitulorum
833 1264 872 1308 ex
888 1263 944 1308 sex
961 1236 1054 1310 foliis.
1073 1236 1177 1308 Editio
1190 1239 1357 1333 princeps3
1374 1262 1412 1306 ex
1435 1241 1480 1328 69

604 1358 697 1430 foliis.
716 1360 800 1430 Vide
823 1359 955 1456 Bibltog.
980 1365 1069 1433 instr.
1095 1357 1155 1430 ΝΟ.
1183 1359 1304 1452 2877,
1329 1360 1381 1427 ubi
1406 1357 1484 1427 dici-

603 1497 655 1550 tut
681 1504 762 1572 opus
790 1503 858 1550 esse
886 1480 1042 1574 scriptum'
1062 1478 1175 1573 partim
1204 1478 1345 1564 Latine,
1368 1478 1480 1569 partim

603 1595 733 1682 Italice3
756 1595 845 1692 quod
866 1622 935 1667 non
961 1597 1054 1668 debet
1072 1597 1197 1691 intelligi
1215 1595 1255 1666 de
1274 1620 1372 1690 opere
1396 1592 1481 1688 prin·
1524 1608 1526 1612 ‘

602 1716 724 1809 cipali:
753 1715 857 1785 italic&
891 1716 976 1785 enim
1005 1715 1175 1799 scribitur3
1198 1712 1253 1783 sed
1284 1713 1405 1782 tautum
1439 1711 1479 1781 cle

604 1834 702 1905 tribus
718 1832 800 1903 foliis
818 1835 849 1902 in
870 1833 931 1903 fine
954 1834 1124 1904 voluminis
1144 1857 1214 1930 quae
1235 1831 1374 1902 referunt
1395 1830 1480 1900 Cor-

603 1952 715 2048 nazani
740 1952 879 2033 carmina
903 1952 936 2020 in
957 1935 1081 2022 laudem
1103 1954 1237 2022 Venetae
1261 1948 1416 2038 civitatis,
1445 1948 1480 2017 in

604 2096 741 2167 quorum
763 2071 826 2142 fine
849 2089 934 2142 extat
962 2095 1061 2142 annus
1086 2065 1333 2164 subscriptionis.

490 2301 492 2304 ’
553 2334 608 2393 20
634 2306 811 2392 Diodori
838 2306 961 2398 Siculi
992 2312 1245 2394 historiarum
1278 2305 1368 2393 libri
1394 2334 1477 2412 vr,

607 2444 652 2522 in
674 2441 869 2544 ‘Latinum
898 2441 1066 2528 traducti
1090 2473 1112 2526 a
1132 2442 1309 2554 Poggio.
1338 2438 1476 2525 In-fol.

603 2571 728 2663 ve'lin.

646 2760 683 2831 ln
713 2763 776 2833 fine
812 2762 958 2857 legitur:
993 2761 1145 2833 Bononio
1183 2709 1391 2856 impressump
1424 2765 1477 2835 M.

597 2877 733 2950 CCCC.
756 2878 915 2969 LXXII,
932 2882 1026 2969 finis.
1052 2879 1149 2950 Caret
1177 2882 1312 2975 signat,
1333 2906 1420 2952 num.
1444 2902 1477 2951 et

596 2986 719 3068 custod.
753 2996 953 3070 Praemittitur
986 2996 1098 3068 folium
1125 2996 1233 3070 indicis
1261 3000 1414 3104 librorum
1444 3020 1478 3071 et

574 3132 577 3137 ‘
596 3114 817 3211 capitulorum.
979 3121 981 3125 '

644 3273 833 3345 Entr10
859 3290 1115 3349 uumerus

548 3520 596 3575 21
630 3484 732 3573 AElii
762 3492 916 3577 Donati
953 3522 1169 3579 comment.
1211 3501 1254 3580 in
1292 3493 1474 3579 Terentii

601 3621 801 3707 comedias
824 3632 1016 3737 quinque.
1044 3624 1188 3711 In-fol.

641 3827 678 3898 In
698 3811 764 3913 fine¹
777 3832 909 3929 legitur:
1128 3921 1130 3928 Ι

688 3958 692 3963 ’
861 3955 866 3965 ’
1210 3925 1215 3934 ¹
1237 3937 1246 3944 ι
1346 3938 1471 4049 Aspicis
