3742 5109
560 616 632 721 328
830 614 1223 693 LIBRISUB

615 776 826 886 Campani.
856 773 990 859 Romae
1014 781 1135 890 prope*
1173 774 1353 861 Sanctum
1381 774 1494 862 Mar·

614 939 724 1017 cum,
750 940 850 991 anno
873 909 1007 989 soloris
1038 893 1174 1021 1476,
1201 909 1261 991 die
1281 913 1368 993 verti
1388 911 1496 995 terrici

596 1039 766 1134 ‚Mensis
792 1041 974 1154 Augusti.
1003 1039 1146 1126 In·fol.
1173 1042 1296 1129 ve'lin.

655 1249 762 1322 Editio
786 1218 958 1346 princeps,
985 1250 1061 1323 vide
1083 1251 1251 1343 Debure‚
1275 1255 1337 1326 N0.
1371 1257 1496 1345 24463

608 1369 770 1464 exemplat
793 1368 991 1464 completum
1016 1388 1049 1441 et
1073 1370 1200 1473 elegans
1223 1373 1291 1443 libri
1314 1371 1470 1444 rarissimi.

564 1614 615 1699 17
645 1587 763 1677 Joan.
786 1581 836 1668 de
856 1584 1158 1671 Turrecremata
1182 1593 1383 1698 expositio
1408 1587 1496 1673 bre·

615 1726 676 1805 vis
701 1745 818 1827 supet
844 1740 935 1799 toto
961 1714 1166 1826 psalterio.
1194 1717 1320 1831 ln-40.
1348 1749 1401 1803 m.
1429 1752 1464 1804 r.

654 1929 691 1999 ln
707 1929 769 1999 fine
781 1925 910 2023 legitur:
924 1929 1178 1999 Reverendissimi
1195 1930 1373 1998 Cardinalis
1383 1933 1494 1998 Sancti

495 2092 498 2097 ‹
606 2049 694 2118 Sixti
709 2047 859 2139 expositio
879 2047 975 2117 brevis
994 2067 1023 2116 et
1043 2049 1128 2117 utilis
1151 2072 1241 2139 super
1261 2070 1323 2117 roto
1333 2050 1492 2139 psalterio.

607 2168 707 2236 Rome
731 2166 947 2258 impressa-die
970 2166 1082 2257 quarti
1108 2166 1229 2236 Mensis
1252 2168 1393 2235 Octobris
1411 2220 1422 2254 ,
1438 2192 1495 2260 per

607 2286 816 2356 honorabilem
837 2286 937 2355 virum
959 2275 1139 2379 magistrum
1159 2286 1342 2354 Udalricum
1364 2284 1494 2355 Gallum

607 2406 644 2472 de
662 2400 812 2491 Biennd,
831 2428 918 2471 armo
941 2392 1081 2473 Domini
1103 2406 1262 2474 milbesimo
1286 2406 1494 2500 quadringen-

609 2525 713 2591 tesimo
733 2524 962 2617 sqrtuagesimo.
986 2501 1073 2591 Lens
1095 2525 1160 2594 deo.
1400 2611 1403 2616 Ι

656 2656 763 2745 Hinc,
780 2676 833 2727 aut
849 2656 980 2750 duplicis
991 2658 1113 2752 generis
1125 2676 1197 2728 sunt
1209 2659 1401 2751 exemplaria
1411 2685 1428 2746 ‚·
1440 2677 1496 2729 aut

609 2774 759 2845 mentitur
778 2771 994 2869 Andiffredy,
1012 2772 1141 2869 quando
1159 2772 1293 2845 affirmat
1308 2776 1340 2843 in
1360 2776 1422 2845 fine
1441 2803 1496 2847 ex-

609 2910 676 2962 tare
708 2890 818 2960 solitos
850 2886 942 2980 hujus
973 2889 1186 2987 Typographi
1220 2916 1358 2963 versust
1389 2896 1496 2967 Anser
1585 2929 1587 2934 ·

612 3010 735 3104 Tarpeii
757 3030 881 3097 eustos,
904 3027 966 3081 etc.
1031 3044 1054 3069 ν

660 3146 784 3219 Textus
817 3144 996 3218 Davidicus
1030 3143 1274 3243 distinguitur‘a
1308 3171 1494 3221 commento

614 3266 734 3338 duabus
762 3266 884 3336 lineolis
911 3266 943 3334 in
978 3265 1110 3363 utrique
1138 3269 1364 3356 extremitate,
1387 3272 1427 3339 ita
1461 3289 1496 3339 ut

611 3386 758 3457 miniator
773 3386 889 3455 lineam
901 3386 995 3457 etiarn
1011 3384 1107 3477 iniri,
1120 3388 1216 3458 rubro
1228 3414 1300 3457 cum
1318 3405 1494 3456 atramento
1518 3400 1521 3404 ’

611 3509 734 3580 duxerit
760 3508 800 3578 ab
822 3508 884 3579 uni
907 3507 947 3577 ad
969 3510 1098 3579 alteram
1119 3510 1280 3590 lineolam.
1303 3498 1395 3575 Folio
1421 3503 1494 3571 sub-

610 3618 787 3719 scriptionis
813 3627 1013 3719 postponitur
1037 3624 1119 3695 aliud
1148 3624 1266 3718 registri
1294 3648 1361 3692 non
1388 3620 1492 3713 signa-

606 3731 751 3814 'turarurn
773 3742 829 3812 sed
849 3744 1123 3837 quinternionmnt

657 3856 744 3932 Infra
776 3859 1036 3955 subscriptionem
1073 3882 1183 3929 manus
1223 3879 1335 3928 coaeva
1373 3853 1518 3949 scripsit,
