3742 5109
600 606 1182 704 'tosuuuunso
1311 631 1356 710 93

449 842 451 844 .
480 769 691 886 Speculum
716 792 832 883 super
858 766 1141 853 emendatione
1158 751 1261 856 'vitae
1290 751 1361 853 bo·

540 911 658 989 minis
685 902 879 1019 religiosi.
939 1009 948 1025 .

482 1032 545 1119 De
578 1034 706 1152 gratii
732 1060 773 1119 et
798 1031 927 1120 libero
956 1033 1144 1161 arbitriotx

412 1181 414 1184 ’
484 1166 697 1281 Apologia
730 1167 867 1251 Sancti
900 1165 1092 1279 Bernardi
1121 1162 1173 1248 ad
1202 1163 1364 1253 Clunia·

540 1328 681 1385 censes
709 1297 760 1384 de
788 1298 1009 1385 concordia
1034 1294 1237 1384 ordinum.

514 1428 667 1518 Inelol.
691 1414 749 1516 m.
773 1463 808 1518 r.

521 1642 727 1719 Terminatur
761 1642 915 1718 volumen
947 1635 1051 1745 indice
1083 1638 1288 1741 epistolarum
1323 1672 1364 1719 ex
1454 1737 1455 1740 Ἴ
1521 1722 1522 1725 ,

479 1759 590 1859 triplici
609 1760 700 1838 folio.
714 1749 886 1837 Coldmnae
906 1761 1037 1862 integrae
1054 1762 1173 1836 habent
1191 1767 1238 1835 60
1257 1761 1366 1836 lineas.

488 1957 490 1961 ,
530 1881 608 1956 Vid.
630 1883 791 1955 Seemiller
803 1937 815 1972 ,
827 1882 980 1973 fasciculo
992 1885 1118 1976 primo,
1132 1877 1193 1953 'ubi
1211 1875 1367 1971 affirmat,
1466 1904 1467 1908 ’

481 2018 554 2095 pag.
592 2022 691 2097 139,
721 2001 814 2073 firisse
836 2002 1054 2097 impressum,
1077 2001 1162 2074 circa
1192 2025 1314 2096 147o;
1335 2022 1369 2073 et

481 2111 603 2194 Placid.
624 2121 755 2208 Braun,
775 2141 846 2217 pag.
874 2123 930 2193 26.
955 2120 1009 2191 Ab
1024 2134 1166 2216 'utroque
1183 2109 1288 2192 autern
1304 2118 1370 2190 edi*

383 2318 385 2321 y
450 2245 453 2255 '
481 2236 528 2305 tio
549 2239 600 2309 illa
622 2240 723 2334 praelis
750 2239 915 2335 Eggestein
940 2239 1138 2326 attribuitur,
1160 2236 1391 2333 accuratique

480 2349 663 2428 describitur
675 2385 693 2427 a
705 2355 811 2427 Denis
820 2411 832 2444 ,
845 2363 946 2448 suppl.
963 2358 1091 2445 Malta,
1107 2354 1168 2426 N0.
1183 2379 1290 2449 4371.

410 2508 413 2579 [
529 2473 662 2575 Absque
678 2474 864 2572 signaturis,
885 2474 1049 2565 numeris,
1066 2472 1269 2565 custodibus,
1282 2492 1344 2545 etc.

436 2713 486 2795 28
515 2710 651 2797 Sancti
686 2711 879 2809 Bernardi
909 2710 1138 2825 opuscula,
1177 2708 1370 2797 scilicet:
1431 2782 1433 2786 .

489 2867 560 2965 De
584 2873 793 2999 diligendo
821 2875 927 2968 Deo.

491 3013 555 3101 De
580 3044 827 3132 sacramento
851 3014 1017 3100 Altaris.

491 3148 638 3236 Libelli
659 3149 741 3263 duo
761 3148 813 3235 ad
835 3145 974 3232 fratres
993 3147 1043 3232 de
1059 3172 1198 3232 monte
1217 3142 1310 3234 Dei.

493 3285 590 3397 Ejus
628 3279 928 3397 apologeticum
969 3307 1110 3364 contra
1142 3281 1374 3367 Monaehos
1500 3267 1517 3295 ⁹

328 3498 332 3505 .
408 3519 410 3523 ,
547 3422 689 3530 nigros
710 3402 1055 3526 reprehendendo
1069 3435 1139 3495 eos
1165 3409 1216 3495 de
1243 3412 1374 3498 abusi·

551 3576 629 3633 one
648 3554 690 3632 in
705 3546 828 3648 cibis,
844 3545 1063 3657 potibuset
1082 3542 1273 3649 edificiis,
1294 3545 1375 3667 etc.
1407 3661 1409 3665 Α

499 3679 562 3764 De
583 3688 788 3792 praeceptis
810 3705 850 3784 et
871 3670 1264 3791 dispensationibus,
1288 3759 1291 3762 ,

494 3811 708 3901 Delibero
735 3814 902 3900 arbitrio
930 3839 970 3899 et
993 3810 1137 3929 gratiis,
