3742 5109
477 577 480 582 ’
589 539 1025 670 'A·NN01476.
1113 568 1116 573 ’
1233 578 1299 674 385

399 755 402 758 ·
427 734 502 807 tur,
524 743 565 788 ex
582 716 694 813 quibus
711 714 911 787 concluditur
936 715 1107 787 editionem
1128 716 1209 789 hanc
1229 742 1303 811 pro·

425 822 517 905 diiise
538 860 624 905 anno
651 837 754 929 1476.

365 1063 368 1070 ,
474 988 766 1084 mew

472 1148 549 1237 Jarn
567 1150 664 1218 tribus
680 1149 852 1219 undecimus
874 1151 978 1219 lustris
997 1149 1180 1220 Lndouicus.
1212 1148 1223 1157 ”

521 1284 677 1357 Rexerat!
694 1289 803 1357 eiricus
820 1288 972 1355 martinus
988 1290 1095 1382 itemq3
1117 1288 1252 1359 michael.
1373 1313 1375 1318 ·

523 1426 597 1496 Orci
607 1426 759 1515 ausonia,
770 1426 849 1492 dans
861 1426 936 1496 milri
948 1450 1133 1515 composuere
1133 1425 1251 1521 figuti.

520 1560 638 1629 Parisii
657 1584 720 1630 arte
738 1587 797 1632 sua
814 1587 860 1634 me
881 1570 1017 1630 corzecni
1036 1564 1205 1655 vigilanter.

523 1701 557 1767 V
555 1702 671 1767 malem
688 1700 724 1766 in
743 1700 809 1770 vico
825 1699 923 1766 iacobi
939 1701 989 1766 sol
1004 1722 1114 1766 aureus
1131 1693 1227 1794 offem
1325 1720 1327 1723 ⁴

471 1872 512 1942 Et
531 1872 612 1943 folio
636 1872 778 1969 sequenti
802 1898 842 1943 ex
863 1873 1044 1945 charactere
1067 1871 1227 1943 minutiori
1250 1898 1302 1944 se·

422 1991 526 2087 quitur
562 1989 657 2061 index
693 2016 767 2060 curn
797 1992 862 2061 hoc
897 1991 1016 2063 titulo:
1049 1994 1303 2084 interpretationes
1404 2038 1406 2043 ·

423 2108 644 2176 Hebraicorum
660 2109 840 2191 nominum
858 2132 898 2176 ex
915 2131 959 2199 27
976 2109 1080 2193 foliis,
1096 2121 1167 2203 quae
1184 2110 1301 2202 signare

423 2239 497 2311 tut,
515 2223 590 2293 licdt
606 2224 638 2291 in
658 2224 762 2319 operis
783 2222 916 2295 decursu
938 2222 1082 2301 deficiant
1102 2225 1278 2318 signaturae.

471 2339 674 2411 Rarissimam
695 2341 777 2412 hanc
800 2323 972 2412 editionem
994 2339 1141 2412 accurate
1161 2340 1303 2437 descrips
1369 2397 1377 2414 .

377 2515 382 2527 .
422 2458 462 2528 sit
480 2457 615 2530 Debure
638 2459 699 2531 ΝΟ.
725 2483 782 2553 31.
1187 2532 1189 2535 ,

471 2578 641 2671 Exemplar
664 2572 789 2674 elegans
813 2596 844 2649 et
870 2577 998 2673 optimae
1024 2576 1301 2667 conservationis,

424 2720 499 2767 cum
520 2696 625 2766 litteris
643 2709 722 2767 auro
743 2693 885 2790 depictis.
988 2742 990 2745 ι

305 2920 319 2944 ·
345 2893 348 2900 ’
373 2896 399 2977 8
440 2895 596 2979 Anicii=
616 2894 815 3007 Torquati
838 2894 1034 2981 Severini
1071 2896 1208 2980 Boecii
1250 2892 1300 2979 de

309 3103 318 3121 ,
416 3025 710 3111 “consolatione
726 3024 986 3139 philosophiae
1004 3019 1102 3113 'libri
1124 3030 1186 3130 V,
1208 3056 1299 3111 cum

347 3181 357 3196 *
428 3165 723 3241 commentariis
750 3160 804 3241 D.
823 3160 1023 3255 Thomas.
1063 3156 1178 3269 Impr.
1206 3156 1297 3242 Nu·

429 3272 623 3398 rembergae
644 3289 837 3404 Antonius
857 3288 1042 3403 Cobnrger
1062 3290 1169 3399 1476
1185 3344 1205 3393 ‚‹
1216 3289 1299 3399 pri-

432 3419 492 3500 die
516 3416 608 3500 Idus
635 3416 877 3502 Novembris.
907 3417 1065 3503 ln·f0l..
1092 3448 1145 3519 m.
1172 3449 1204 3503 r.

472 3607 557 3681 Vide
580 3609 803 3704 Bibliograplrie
825 3591 914 3682 inser.
935 3610 996 3681 ΝΟ.
1025 3610 1117 3707 1'306
1136 3631 1169 3680 et
1195 3634 1297 3706 1307.

374 3835 402 3922 9
441 3806 637 3892 Bonifacii
665 3806 780 3919 Papae
817 3813 932 3891 vru'
956 3833 1089 3895 sextus
1119 3806 1297 3903 decreta·

995 3996 997 4002 .
1081 3940 1139 4013 Bb
1340 3940 1349 3963 ⁸
