<?xml version="1.0" encoding="UTF-8"?>
<!DOCTYPE html PUBLIC "-//W3C//DTD XHTML 1.0 Transitional//EN"
    "http://www.w3.org/TR/xhtml1/DTD/xhtml1-transitional.dtd">
<html xmlns="http://www.w3.org/1999/xhtml" xml:lang="en" lang="en">
 <head>
  <title>
</title>
<meta http-equiv="Content-Type" content="text/html;charset=utf-8" />
  <meta name='ocr-system' content='tesseract 3.04.00' />
  <meta name='ocr-capabilities' content='ocr_page ocr_carea ocr_par ocr_line ocrx_word'/>
</head>
<body>
  <div class='ocr_page' id='page_1' title='image "./indexlibrorumab03lairgoog_0407.png"; bbox 0 0 3742 5109; ppageno 0'>
   <div class='ocr_carea' id='block_1_1' title="bbox 674 507 1325 628">
    <p class='ocr_par' dir='ltr' id='par_1_1' title="bbox 674 507 1325 628">
     <span class='ocr_line' id='line_1_1' title="bbox 674 507 1325 628; baseline 0 -44"><span class='ocrx_word' id='word_1_1' title='bbox 674 507 885 584; x_wconf 82' lang='lat' dir='ltr'>ANNO</span> <span class='ocrx_word' id='word_1_2' title='bbox 940 534 1087 628; x_wconf 57' lang='grc' dir='ltr'>1477.Ὶ</span> <span class='ocrx_word' id='word_1_3' title='bbox 1223 533 1325 606; x_wconf 75' lang='lat'>-409</span> 
     </span>
    </p>
   </div>
   <div class='ocr_carea' id='block_1_2' title="bbox 277 667 1342 2923">
    <p class='ocr_par' dir='ltr' id='par_1_2' title="bbox 443 667 1342 1116">
     <span class='ocr_line' id='line_1_2' title="bbox 495 667 1327 764; baseline -0.002 -24"><span class='ocrx_word' id='word_1_4' title='bbox 495 672 528 741; x_wconf 87' lang='lat' dir='ltr'>ln</span> <span class='ocrx_word' id='word_1_5' title='bbox 546 671 607 740; x_wconf 86' lang='lat' dir='ltr'>fine</span> <span class='ocrx_word' id='word_1_6' title='bbox 628 667 841 764; x_wconf 13' lang='lat' dir='ltr'>Tomigprimi</span> <span class='ocrx_word' id='word_1_7' title='bbox 859 668 994 763; x_wconf 82' lang='lat' dir='ltr'>legitur:</span> <span class='ocrx_word' id='word_1_8' title='bbox 1012 671 1189 758; x_wconf 79' lang='lat' dir='ltr'><em>impressum</em></span> <span class='ocrx_word' id='word_1_9' title='bbox 1208 689 1252 736; x_wconf 81' lang='lat' dir='ltr'>est</span> <span class='ocrx_word' id='word_1_10' title='bbox 1273 669 1327 738; x_wconf 83' lang='lat' dir='ltr'>boc</span> 
     </span>
     <span class='ocr_line' id='line_1_3' title="bbox 443 785 1342 878; baseline -0.001 -23"><span class='ocrx_word' id='word_1_11' title='bbox 443 813 524 878; x_wconf 85' lang='lat' dir='ltr'>opus</span> <span class='ocrx_word' id='word_1_12' title='bbox 551 790 685 858; x_wconf 79' lang='lat' dir='ltr'>Venetiis</span> <span class='ocrx_word' id='word_1_13' title='bbox 701 814 759 878; x_wconf 82' lang='lat' dir='ltr'>per</span> <span class='ocrx_word' id='word_1_14' title='bbox 786 789 939 857; x_wconf 82' lang='lat' dir='ltr'>Bernard.</span> <span class='ocrx_word' id='word_1_15' title='bbox 967 787 1115 853; x_wconf 82' lang='lat' dir='ltr'>Pictorem</span> <span class='ocrx_word' id='word_1_16' title='bbox 1142 807 1171 852; x_wconf 80' lang='lat' dir='ltr'>et</span> <span class='ocrx_word' id='word_1_17' title='bbox 1192 785 1342 872; x_wconf 63' lang='lat' dir='ltr'>lithard„</span> 
     </span>
     <span class='ocr_line' id='line_1_4' title="bbox 446 882 1329 1000; baseline 0.001 -28"><span class='ocrx_word' id='word_1_18' title='bbox 446 882 625 974; x_wconf 69' lang='lat' dir='ltr'>Racdolzde</span> <span class='ocrx_word' id='word_1_19' title='bbox 642 909 787 1000; x_wconf 80' lang='lat' dir='ltr'>Augusta</span> <span class='ocrx_word' id='word_1_20' title='bbox 808 928 874 972; x_wconf 85' lang='lat' dir='ltr'>una</span> <span class='ocrx_word' id='word_1_21' title='bbox 895 929 962 971; x_wconf 82' lang='lat' dir='ltr'>cum</span> <span class='ocrx_word' id='word_1_22' title='bbox 984 904 1074 971; x_wconf 83' lang='lat' dir='ltr'>Petro</span> <span class='ocrx_word' id='word_1_23' title='bbox 1095 903 1129 970; x_wconf 80' lang='lat' dir='ltr'>de</span> <span class='ocrx_word' id='word_1_24' title='bbox 1149 902 1329 998; x_wconf 77' lang='lat' dir='ltr'>Langencm</span> 
     </span>
     <span class='ocr_line' id='line_1_5' title="bbox 445 1022 1251 1116; baseline 0.001 -27"><span class='ocrx_word' id='word_1_25' title='bbox 445 1045 601 1092; x_wconf 82' lang='lat' dir='ltr'>correctore</span> <span class='ocrx_word' id='word_1_26' title='bbox 623 1049 659 1091; x_wconf 81' lang='lat' dir='ltr'>ac</span> <span class='ocrx_word' id='word_1_27' title='bbox 682 1025 774 1093; x_wconf 85' lang='lat' dir='ltr'>socio.</span> <span class='ocrx_word' id='word_1_28' title='bbox 798 1022 885 1090; x_wconf 82' lang='lat' dir='ltr'><em>Laus</em></span> <span class='ocrx_word' id='word_1_29' title='bbox 908 1023 982 1088; x_wconf 80' lang='lat' dir='ltr'>Deo</span> <span class='ocrx_word' id='word_1_30' title='bbox 1009 1045 1109 1116; x_wconf 85' lang='lat'>1477.</span> <span class='ocrx_word' id='word_1_31' title='bbox 1245 1034 1251 1044; x_wconf 89' lang='lat'>&#39;</span> 
     </span>
    </p>

    <p class='ocr_par' dir='ltr' id='par_1_3' title="bbox 450 1136 1330 1354">
     <span class='ocr_line' id='line_1_6' title="bbox 496 1136 1330 1234; baseline -0.002 -23"><span class='ocrx_word' id='word_1_32' title='bbox 496 1139 695 1212; x_wconf 80' lang='lat' dir='ltr'>Praemittitur</span> <span class='ocrx_word' id='word_1_33' title='bbox 730 1139 863 1234; x_wconf 85' lang='lat' dir='ltr'>epistola</span> <span class='ocrx_word' id='word_1_34' title='bbox 904 1137 1041 1208; x_wconf 85' lang='lat' dir='ltr'>Candidi</span> <span class='ocrx_word' id='word_1_35' title='bbox 1079 1136 1120 1208; x_wconf 86' lang='lat' dir='ltr'>ad</span> <span class='ocrx_word' id='word_1_36' title='bbox 1157 1138 1330 1211; x_wconf 87' lang='lat' dir='ltr'><strong>Nicolaum</strong></span> 
     </span>
     <span class='ocr_line' id='line_1_7' title="bbox 450 1258 607 1354; baseline 0.019 -26"><span class='ocrx_word' id='word_1_37' title='bbox 450 1258 607 1354; x_wconf 81' lang='lat' dir='ltr'>quintum.</span> 
     </span>
    </p>

    <p class='ocr_par' dir='ltr' id='par_1_4' title="bbox 448 1374 1332 1940">
     <span class='ocr_line' id='line_1_8' title="bbox 475 1374 1330 1462; baseline 0 -13"><span class='ocrx_word' id='word_1_38' title='bbox 475 1377 532 1449; x_wconf 90' lang='lat' dir='ltr'>.In</span> <span class='ocrx_word' id='word_1_39' title='bbox 550 1377 612 1446; x_wconf 88' lang='lat' dir='ltr'>fine</span> <span class='ocrx_word' id='word_1_40' title='bbox 636 1375 715 1447; x_wconf 81' lang='lat' dir='ltr'>tomi</span> <span class='ocrx_word' id='word_1_41' title='bbox 735 1376 886 1462; x_wconf 87' lang='lat' dir='ltr'>secundi,</span> <span class='ocrx_word' id='word_1_42' title='bbox 909 1374 949 1446; x_wconf 89' lang='lat' dir='ltr'>de</span> <span class='ocrx_word' id='word_1_43' title='bbox 973 1375 1062 1445; x_wconf 81' lang='lat' dir='ltr'>bellis</span> <span class='ocrx_word' id='word_1_44' title='bbox 1092 1376 1233 1448; x_wconf 83' lang='lat' dir='ltr'>civilibus</span> <span class='ocrx_word' id='word_1_45' title='bbox 1256 1375 1330 1449; x_wconf 84' lang='lat' dir='ltr'>Ro-</span> 
     </span>
     <span class='ocr_line' id='line_1_9' title="bbox 449 1493 1332 1588; baseline 0 -24"><span class='ocrx_word' id='word_1_46' title='bbox 449 1519 618 1566; x_wconf 80' lang='lat' dir='ltr'>manorum</span> <span class='ocrx_word' id='word_1_47' title='bbox 645 1495 714 1564; x_wconf 87' lang='lat' dir='ltr'>libri</span> <span class='ocrx_word' id='word_1_48' title='bbox 741 1493 840 1582; x_wconf 87' lang='lat' dir='ltr'>VII,</span> <span class='ocrx_word' id='word_1_49' title='bbox 871 1519 944 1563; x_wconf 87' lang='lat' dir='ltr'>cum</span> <span class='ocrx_word' id='word_1_50' title='bbox 975 1493 1161 1588; x_wconf 81' lang='lat' dir='ltr'>praefatione</span> <span class='ocrx_word' id='word_1_51' title='bbox 1195 1493 1332 1577; x_wconf 82' lang='lat' dir='ltr'>Candjdi</span> 
     </span>
     <span class='ocr_line' id='line_1_10' title="bbox 450 1609 1331 1707; baseline -0.002 -25"><span class='ocrx_word' id='word_1_52' title='bbox 450 1611 489 1682; x_wconf 86' lang='lat' dir='ltr'>ad</span> <span class='ocrx_word' id='word_1_53' title='bbox 512 1612 715 1707; x_wconf 88' lang='lat' dir='ltr'>Alphonsum</span> <span class='ocrx_word' id='word_1_54' title='bbox 741 1611 928 1706; x_wconf 82' lang='lat' dir='ltr'>Arragoniae</span> <span class='ocrx_word' id='word_1_55' title='bbox 954 1609 1078 1704; x_wconf 85' lang='lat' dir='ltr'><strong>Regem</strong></span> <span class='ocrx_word' id='word_1_56' title='bbox 1101 1612 1236 1705; x_wconf 85' lang='lat' dir='ltr'>legitur:</span> <span class='ocrx_word' id='word_1_57' title='bbox 1265 1616 1331 1680; x_wconf 82' lang='lat' dir='ltr'>Ve-</span> 
     </span>
     <span class='ocr_line' id='line_1_11' title="bbox 448 1729 1331 1815; baseline 0.001 -17"><span class='ocrx_word' id='word_1_58' title='bbox 448 1732 538 1799; x_wconf 83' lang='lat' dir='ltr'>netiis</span> <span class='ocrx_word' id='word_1_59' title='bbox 558 1731 703 1800; x_wconf 78' lang='lat' dir='ltr'>Bernard</span> <span class='ocrx_word' id='word_1_60' title='bbox 718 1729 845 1815; x_wconf 84' lang='lat' dir='ltr'><em>Pictor,</em></span> <span class='ocrx_word' id='word_1_61' title='bbox 866 1730 1001 1801; x_wconf 78' lang='lat' dir='ltr'><em>Erhard.</em></span> <span class='ocrx_word' id='word_1_62' title='bbox 1028 1730 1157 1798; x_wconf 79' lang='lat' dir='ltr'>Raldolt</span> <span class='ocrx_word' id='word_1_63' title='bbox 1174 1751 1202 1797; x_wconf 78' lang='lat' dir='ltr'>et</span> <span class='ocrx_word' id='word_1_64' title='bbox 1222 1730 1331 1799; x_wconf 76' lang='lat' dir='ltr'>Petrus</span> 
     </span>
     <span class='ocr_line' id='line_1_12' title="bbox 449 1849 701 1940; baseline 0.004 -23"><span class='ocrx_word' id='word_1_65' title='bbox 449 1849 572 1918; x_wconf 76' lang='lat' dir='ltr'>Loslein</span> <span class='ocrx_word' id='word_1_66' title='bbox 599 1871 701 1940; x_wconf 89' lang='lat'>1477.</span> 
     </span>
    </p>

    <p class='ocr_par' dir='ltr' id='par_1_5' title="bbox 402 1963 1335 2792">
     <span class='ocr_line' id='line_1_13' title="bbox 499 1963 1335 2059; baseline 0.002 -25"><span class='ocrx_word' id='word_1_67' title='bbox 499 1967 668 2059; x_wconf 83' lang='lat' dir='ltr'>Exemplar</span> <span class='ocrx_word' id='word_1_68' title='bbox 696 1963 970 2058; x_wconf 62' lang='lat' dir='ltr'>elegantissimum</span> <span class='ocrx_word' id='word_1_69' title='bbox 1000 1966 1085 2038; x_wconf 86' lang='lat' dir='ltr'><strong>Vide</strong></span> <span class='ocrx_word' id='word_1_70' title='bbox 1112 1965 1248 2037; x_wconf 86' lang='lat' dir='ltr'>Debure</span> <span class='ocrx_word' id='word_1_71' title='bbox 1270 1965 1335 2040; x_wconf 82' lang='lat' dir='ltr'><strong>N⁰.&#39;</strong></span> 
     </span>
     <span class='ocr_line' id='line_1_14' title="bbox 451 2068 1321 2179; baseline -0.001 -29"><span class='ocrx_word' id='word_1_72' title='bbox 451 2079 559 2179; x_wconf 83' lang='lat'>4858.</span> <span class='ocrx_word' id='word_1_73' title='bbox 1320 2068 1321 2071; x_wconf 23' lang='lat'>¹</span> 
     </span>
     <span class='ocr_line' id='line_1_15' title="bbox 402 2277 1332 2391; baseline 0.003 -31"><span class='ocrx_word' id='word_1_74' title='bbox 402 2305 432 2389; x_wconf 90' lang='lat'>4</span> <span class='ocrx_word' id='word_1_75' title='bbox 465 2277 611 2361; x_wconf 85' lang='lat' dir='ltr'>Monte</span> <span class='ocrx_word' id='word_1_76' title='bbox 649 2277 798 2370; x_wconf 80' lang='lat' dir='ltr'>Sancto</span> <span class='ocrx_word' id='word_1_77' title='bbox 838 2278 880 2362; x_wconf 88' lang='lat' dir='ltr'>di</span> <span class='ocrx_word' id='word_1_78' title='bbox 917 2279 1000 2362; x_wconf 92' lang='lat' dir='ltr'>Dio</span> <span class='ocrx_word' id='word_1_79' title='bbox 1034 2304 1249 2391; x_wconf 83' lang='lat' dir='ltr'>composto</span> <span class='ocrx_word' id='word_1_80' title='bbox 1282 2277 1332 2363; x_wconf 85' lang='lat' dir='ltr'>da</span> 
     </span>
     <span class='ocr_line' id='line_1_16' title="bbox 459 2409 1333 2524; baseline 0 -30"><span class='ocrx_word' id='word_1_81' title='bbox 459 2439 605 2495; x_wconf 88' lang='lat' dir='ltr'>mes-ser</span> <span class='ocrx_word' id='word_1_82' title='bbox 643 2412 832 2517; x_wconf 87' lang='lat' dir='ltr'>Antonio</span> <span class='ocrx_word' id='word_1_83' title='bbox 874 2409 1099 2524; x_wconf 86' lang='lat' dir='ltr'>(Bettini)</span> <span class='ocrx_word' id='word_1_84' title='bbox 1137 2411 1187 2495; x_wconf 87' lang='lat' dir='ltr'>da</span> <span class='ocrx_word' id='word_1_85' title='bbox 1217 2411 1333 2494; x_wconf 83' lang='lat' dir='ltr'>Siena</span> 
     </span>
     <span class='ocr_line' id='line_1_17' title="bbox 461 2542 1331 2658; baseline 0.002 -32"><span class='ocrx_word' id='word_1_86' title='bbox 461 2543 791 2629; x_wconf 89' lang='lat' dir='ltr'>reverendissimo</span> <span class='ocrx_word' id='word_1_87' title='bbox 820 2545 1036 2630; x_wconf 88' lang='lat' dir='ltr'>Veschovo</span> <span class='ocrx_word' id='word_1_88' title='bbox 1071 2543 1112 2628; x_wconf 93' lang='lat' dir='ltr'>di</span> <span class='ocrx_word' id='word_1_89' title='bbox 1153 2542 1331 2658; x_wconf 90' lang='lat' dir='ltr'>Fuligno</span> 
     </span>
     <span class='ocr_line' id='line_1_18' title="bbox 458 2674 1332 2792; baseline -0.002 -32"><span class='ocrx_word' id='word_1_90' title='bbox 458 2674 563 2760; x_wconf 83' lang='lat' dir='ltr'>della</span> <span class='ocrx_word' id='word_1_91' title='bbox 591 2682 912 2792; x_wconf 84' lang='lat' dir='ltr'>congregatione</span> <span class='ocrx_word' id='word_1_92' title='bbox 937 2675 988 2761; x_wconf 91' lang='lat' dir='ltr'>de</span> <span class='ocrx_word' id='word_1_93' title='bbox 1009 2682 1147 2787; x_wconf 88' lang='lat' dir='ltr'>poveri</span> <span class='ocrx_word' id='word_1_94' title='bbox 1168 2677 1332 2767; x_wconf 82' lang='lat' dir='ltr'>Jesuan.</span> 
     </span>
    </p>

    <p class='ocr_par' dir='ltr' id='par_1_6' title="bbox 277 2811 867 2923">
     <span class='ocr_line' id='line_1_19' title="bbox 277 2811 867 2923; baseline 0.002 -32"><span class='ocrx_word' id='word_1_95' title='bbox 277 2843 323 2870; x_wconf 89' lang='lat'>··</span> <span class='ocrx_word' id='word_1_96' title='bbox 461 2811 594 2923; x_wconf 87' lang='lat' dir='ltr'><strong>In·4⁰.</strong></span> <span class='ocrx_word' id='word_1_97' title='bbox 625 2841 678 2894; x_wconf 85' lang='lat' dir='ltr'>m.</span> <span class='ocrx_word' id='word_1_98' title='bbox 709 2839 741 2894; x_wconf 89' lang='lat' dir='ltr'>r.</span> <span class='ocrx_word' id='word_1_99' title='bbox 864 2864 867 2871; x_wconf 92' lang='lat'>-</span> 
     </span>
    </p>
   </div>
   <div class='ocr_carea' id='block_1_3' title="bbox 265 2953 1425 3443">
    <p class='ocr_par' dir='ltr' id='par_1_7' title="bbox 265 2953 1425 3443">
     <span class='ocr_line' id='line_1_20' title="bbox 265 2953 1425 3114; baseline 0.002 -27"><span class='ocrx_word' id='word_1_100' title='bbox 265 2993 282 3026; x_wconf 71' lang='lat'><em>⁰</em></span> <span class='ocrx_word' id='word_1_101' title='bbox 298 3009 323 3052; x_wconf 64' lang='lat'>&#39;⁹</span> <span class='ocrx_word' id='word_1_102' title='bbox 426 2953 439 2983; x_wconf 54' lang='lat'><strong>·</strong></span> <span class='ocrx_word' id='word_1_103' title='bbox 501 3019 536 3088; x_wconf 89' lang='lat' dir='ltr'>In</span> <span class='ocrx_word' id='word_1_104' title='bbox 551 3019 614 3090; x_wconf 86' lang='lat' dir='ltr'>fine</span> <span class='ocrx_word' id='word_1_105' title='bbox 631 3021 766 3114; x_wconf 77' lang='lat' dir='ltr'>legitur:</span> <span class='ocrx_word' id='word_1_106' title='bbox 777 3023 873 3111; x_wconf 84' lang='lat' dir='ltr'>finito</span> <span class='ocrx_word' id='word_1_107' title='bbox 889 3024 1016 3092; x_wconf 78' lang='lat' dir='ltr'>elMote</span> <span class='ocrx_word' id='word_1_108' title='bbox 1033 3031 1086 3091; x_wconf 78' lang='lat' dir='ltr'>sco</span> <span class='ocrx_word' id='word_1_109' title='bbox 1101 3023 1134 3089; x_wconf 83' lang='lat' dir='ltr'>di</span> <span class='ocrx_word' id='word_1_110' title='bbox 1149 3022 1220 3088; x_wconf 86' lang='lat' dir='ltr'>Dio</span> <span class='ocrx_word' id='word_1_111' title='bbox 1235 3045 1271 3111; x_wconf 49' lang='lat' dir='ltr'>‘p</span> <span class='ocrx_word' id='word_1_112' title='bbox 1285 3046 1333 3089; x_wconf 79' lang='lat' dir='ltr'>mc</span> <span class='ocrx_word' id='word_1_113' title='bbox 1422 3026 1425 3031; x_wconf 53' lang='lat'><strong>⁴</strong></span> 
     </span>
     <span class='ocr_line' id='line_1_21' title="bbox 454 3136 1333 3234; baseline 0.002 -32"><span class='ocrx_word' id='word_1_114' title='bbox 454 3136 565 3214; x_wconf 70' lang='lat' dir='ltr'>Nicolo</span> <span class='ocrx_word' id='word_1_115' title='bbox 592 3140 624 3204; x_wconf 83' lang='lat' dir='ltr'>di</span> <span class='ocrx_word' id='word_1_116' title='bbox 654 3139 768 3232; x_wconf 58' lang='lat' dir='ltr'>Lorego</span> <span class='ocrx_word' id='word_1_117' title='bbox 797 3142 875 3208; x_wconf 81' lang='lat' dir='ltr'><em>della</em></span> <span class='ocrx_word' id='word_1_118' title='bbox 905 3165 1022 3234; x_wconf 80' lang='lat' dir='ltr'>magna</span> <span class='ocrx_word' id='word_1_119' title='bbox 1047 3140 1194 3207; x_wconf 70' lang='lat' dir='ltr'>Florentio</span> <span class='ocrx_word' id='word_1_120' title='bbox 1221 3139 1265 3204; x_wconf 89' lang='lat' dir='ltr'><em>X</em></span> <span class='ocrx_word' id='word_1_121' title='bbox 1286 3139 1333 3205; x_wconf 75' lang='lat' dir='ltr'>die</span> 
     </span>
     <span class='ocr_line' id='line_1_22' title="bbox 454 3252 1332 3342; baseline 0.005 -22"><span class='ocrx_word' id='word_1_122' title='bbox 454 3256 567 3320; x_wconf 83' lang='lat' dir='ltr'>mensis</span> <span class='ocrx_word' id='word_1_123' title='bbox 602 3255 780 3342; x_wconf 82' lang='lat' dir='ltr'>Septembris</span> <span class='ocrx_word' id='word_1_124' title='bbox 817 3279 904 3324; x_wconf 81' lang='lat' dir='ltr'>anno</span> <span class='ocrx_word' id='word_1_125' title='bbox 946 3257 1064 3324; x_wconf 72' lang='lat' dir='ltr'>domini</span> <span class='ocrx_word' id='word_1_126' title='bbox 1100 3253 1151 3325; x_wconf 89' lang='lat' dir='ltr'>M.</span> <span class='ocrx_word' id='word_1_127' title='bbox 1175 3252 1332 3324; x_wconf 29' lang='lat' dir='ltr'>*CCCC</span> 
     </span>
     <span class='ocr_line' id='line_1_23' title="bbox 456 3368 654 3443; baseline 0.005 -1"><span class='ocrx_word' id='word_1_128' title='bbox 456 3368 654 3443; x_wconf 88' lang='lat' dir='ltr'>LXXVII.</span> 
     </span>
    </p>
   </div>
   <div class='ocr_carea' id='block_1_4' title="bbox 416 3545 1643 3908">
    <p class='ocr_par' dir='ltr' id='par_1_8' title="bbox 416 3545 1643 3908">
     <span class='ocr_line' id='line_1_24' title="bbox 505 3545 1333 3645; baseline 0.007 -30"><span class='ocrx_word' id='word_1_129' title='bbox 505 3545 628 3617; x_wconf 80' lang='lat' dir='ltr'>Folium</span> <span class='ocrx_word' id='word_1_130' title='bbox 640 3547 777 3642; x_wconf 87' lang='lat' dir='ltr'><strong>primum</strong></span> <span class='ocrx_word' id='word_1_131' title='bbox 793 3547 919 3619; x_wconf 88' lang='lat' dir='ltr'>exhibet</span> <span class='ocrx_word' id='word_1_132' title='bbox 929 3547 1134 3620; x_wconf 81' lang='lat' dir='ltr'>summarium</span> <span class='ocrx_word' id='word_1_133' title='bbox 1148 3549 1243 3621; x_wconf 85' lang='lat' dir='ltr'>totius</span> <span class='ocrx_word' id='word_1_134' title='bbox 1255 3575 1333 3645; x_wconf 91' lang='lat' dir='ltr'>ope·</span> 
     </span>
     <span class='ocr_line' id='line_1_25' title="bbox 454 3664 1332 3764; baseline 0.002 -28"><span class='ocrx_word' id='word_1_135' title='bbox 454 3664 506 3737; x_wconf 85' lang='lat' dir='ltr'>ris.</span> <span class='ocrx_word' id='word_1_136' title='bbox 532 3664 733 3755; x_wconf 86' lang='lat' dir='ltr'>Secundum,</span> <span class='ocrx_word' id='word_1_137' title='bbox 752 3665 900 3755; x_wconf 86' lang='lat' dir='ltr'>tertium,</span> <span class='ocrx_word' id='word_1_138' title='bbox 923 3687 957 3737; x_wconf 76' lang='lat' dir='ltr'>et</span> <span class='ocrx_word' id='word_1_139' title='bbox 976 3668 1089 3762; x_wconf 86' lang='lat' dir='ltr'>pagina</span> <span class='ocrx_word' id='word_1_140' title='bbox 1110 3667 1210 3762; x_wconf 85' lang='lat' dir='ltr'>prima</span> <span class='ocrx_word' id='word_1_141' title='bbox 1231 3668 1332 3764; x_wconf 80' lang='lat' dir='ltr'>quarti</span> 
     </span>
     <span class='ocr_line' id='line_1_26' title="bbox 416 3777 1643 3908; baseline 0.001 -50"><span class='ocrx_word' id='word_1_142' title='bbox 416 3801 421 3814; x_wconf 84' lang='grc'><em>“</em></span> <span class='ocrx_word' id='word_1_143' title='bbox 456 3784 619 3859; x_wconf 81' lang='lat' dir='ltr'>continent</span> <span class='ocrx_word' id='word_1_144' title='bbox 637 3784 773 3858; x_wconf 87' lang='lat' dir='ltr'>indicem</span> <span class='ocrx_word' id='word_1_145' title='bbox 790 3787 998 3883; x_wconf 80' lang='lat' dir='ltr'>capitulorum</span> <span class='ocrx_word' id='word_1_146' title='bbox 1015 3787 1139 3881; x_wconf 83' lang='lat' dir='ltr'>triplicis</span> <span class='ocrx_word' id='word_1_147' title='bbox 1156 3787 1250 3882; x_wconf 84' lang='lat' dir='ltr'>partis</span> <span class='ocrx_word' id='word_1_148' title='bbox 1266 3813 1316 3859; x_wconf 80' lang='lat' dir='ltr'>vo</span> <span class='ocrx_word' id='word_1_149' title='bbox 1341 3777 1643 3908; x_wconf 32' lang='lat' dir='ltr'>’wass</span> 
     </span>
    </p>
   </div>
   <div class='ocr_carea' id='block_1_5' title="bbox 0 0 1881 5109">
    <p class='ocr_par' dir='ltr' id='par_1_9' title="bbox 0 0 1881 5109">
     <span class='ocr_line' id='line_1_27' title="bbox 0 0 1881 5109; baseline 0 0"><span class='ocrx_word' id='word_1_150' title='bbox 0 0 1881 5109; x_wconf 95' lang='lat' dir='ltr'> </span> 
     </span>
    </p>
   </div>
  </div>
 </body>
</html>
