3742 5109
432 559 435 564 ’
534 599 624 676 nn
674 600 948 675 Annuit
1001 601 1105 694 1460.
1239 627 1282 679 21

390 757 436 813 ut
459 764 502 812 ea
525 742 682 814 omisisset
697 742 866 814 Mantelius
885 743 909 812 si
930 739 1106 814 Faustinum
1123 744 1285 838 exemplar

391 847 592 930 imitandum
612 860 669 931 sibi
687 860 913 957 proposuisset.
939 860 1032 931 Ditm
1050 887 1068 931 e
1085 861 1196 933 contrzi
1214 861 1285 932 haec

392 974 541 1069 adjicere
546 997 669 1073 poterat
678 982 805 1051 Faustus
812 1005 870 1074 pro
877 980 1017 1075 plagiarii
1030 976 1284 1068 vitandaiinjurid.

447 1108 504 1187 4⁰.
523 1096 707 1169 Menteh'ani
719 1097 826 1169 indicis
841 1099 974 1169 consilio
990 1125 1062 1170 usus
1079 1118 1125 1170 est
1137 1102 1283 1184 Faustus;

394 1211 455 1286 ille
468 1215 625 1311 siquidem
636 1219 691 1313 qui
699 1217 814 1289 litteras
825 1218 995 1312 capitales,
1013 1236 1163 1315 tanquam
1179 1218 1284 1313 signa,

393 1332 502 1405 textui
520 1334 632 1405 mixtas
652 1335 804 1407 indiderat
817 1361 876 1432 pto
892 1336 983 1406 bono
1000 1338 1048 1408 sui
1064 1336 1197 1426 indicis,
1216 1360 1284 1406 eas-

392 1476 463 1547 que
479 1454 701 1547 permiscendo
726 1455 759 1524 in
783 1453 886 1526 indice
904 1480 1000 1527 unam
1018 1457 1105 1552 quasi
1119 1450 1285 1528 confusio·

394 1595 477 1641 nem
496 1570 684 1663 induxerat,
700 1573 892 1667 praemonuit
904 1573 935 1641 in
951 1574 1090 1669 prologo
1107 1598 1187 1646 suo:
1194 1595 1284 1664 pote-
1342 1643 1345 1650 ,

393 1692 439 1759 ric
454 1693 581 1783 quisquc
593 1694 641 1760 cui
652 1696 773 1783 placuit
788 1696 902 1765 litteras
904 1695 1042 1786 faciliter
1051 1719 1149 1763 manu
1163 1720 1222 1763 sua
1229 1718 1284 1783 per

385 1835 536 1902 pennam
551 1813 640 1880 etiam
656 1833 685 1880 cc
700 1815 889 1907 marginibus
911 1820 1000 1912 nigro
1016 1818 1065 1885 vel
1084 1816 1174 1883 rubro
1189 1817 1285 1882 colore

387 1928 528 2023 signari.
548 1929 646 2021 Quo,
663 1929 816 2026 inquam,
833 1933 968 2005 consilio
984 1958 1057 2005 usus
1071 1951 1117 2002 est
1131 1933 1284 2020 Faustus,

389 2044 520 2143 inquo
543 2047 800 2120 commodiorem
822 2050 958 2122 indicem
982 2050 1168 2147 suppeditat.
1195 2049 1284 2121 Hinc

391 2166 503 2236 astute
531 2168 629 2238 verba
650 2169 720 2238 haec
743 2193 784 2239 ex
812 2194 872 2241 suo
901 2173 1022 2241 sustulit
1041 2171 1190 2264 prologo.
1220 2189 1226 2199 ·

449 2295 500 2382 5⁰.
526 2284 665 2356 Aliunde
684 2305 798 2358 notum
818 2305 866 2357 est
882 2286 1092 2382 Moguntirros
1111 2285 1284 2381 Typogra-

388 2402 479 2497 phos
503 2403 590 2498 saepe
616 2400 745 2475 imitaffe
770 2430 809 2476 ac
833 2406 976 2499 copiasse
999 2402 1153 2474 editiones
1180 2402 1282 2472 Man-

388 2520 485 2607 telii:
507 2521 595 2592 sitin
616 2524 796 2617 exemplum
816 2525 912 2593 Pauli
928 2550 950 2591 a
969 2527 1028 2591 Sta
1044 2523 1155 2591 Maria
1171 2523 1283 2591 scruti-

387 2641 483 2712 nium
507 2642 756 2733 rerumrerum,
779 2666 866 2713 anno
882 2640 999 2735 1478,
1022 2642 1063 2712 ab
1078 2641 1149 2736 ipsis
1170 2639 1282 2724 edito;

388 2754 485 2846 cujus
502 2757 529 2827 si
543 2758 716 2830 instituatur
730 2760 927 2856 comparatio
941 2786 1015 2838 cum
1031 2758 1168 2830 editione
1184 2756 1283 2827 Man·

384 2876 475 2965 telii,
494 2874 749 2971 deprehendetur
760 2879 850 2949 verbi
863 2878 903 2949 ad
926 2876 1218 2972 verbum‚paginae
1242 2874 1283 2944 ad

383 2995 545 3090 paginam
571 2996 710 3090 perfecta
734 2994 826 3085 hujus
851 2996 1013 3085 imitatio,
1042 2995 1119 3066 dum
1156 3009 1282 3065 constat

383 3110 525 3184 aliunde
548 3108 613 3201 jam
631 3137 718 3184 anno
746 3138 837 3209 ¹477
861 3114 1051 3185 Mantelium
1071 3112 1196 3183 obiisse.

437 3232 493 3302 6⁰.
520 3229 715 3301 Manteliana
744 3228 847 3302 editio
877 3251 1002 3303 constat
1033 3252 1074 3301 21
1106 3230 1217 3315 foliis,
1249 3245 1282 3299 et

380 3349 519 3447 paginae
538 3347 656 3418 habent
669 3374 715 3444 39
729 3350 848 3437 lineas3
863 3348 939 3420 ditm
953 3375 991 3419 ea
1001 3348 1104 3418 Fausti
1123 3348 1218 3416 habet
1234 3369 1278 3415 22

379 3467 487 3555 folia,
499 3484 534 3536 et
545 3467 667 3561 paginae
678 3487 824 3538 constant
837 3491 885 3558 40
896 3468 1005 3554 lineis,
1019 3483 1051 3535 et
1066 3462 1192 3561 quidem
1204 3489 1280 3535 cum

377 3585 559 3661 minutiori
581 3585 762 3658 charactere
777 3612 789 3671 ;
806 3584 895 3682 quod
912 3582 1057 3680 procedit
1074 3585 1114 3653 ab
1132 3609 1173 3653 eo
1192 3581 1280 3679 quod

373 3708 526 3780 Faustus
535 3691 683 3790 adjecerit
694 3704 725 3773 in
734 3705 797 3774 fine
809 3704 946 3774 tabulam
957 3702 997 3774 de
1008 3705 1103 3775 tribus
1113 3701 1279 3797 generibus

372 3816 572 3901 dicendi&
589 3820 683 3895 tribus
695 3821 859 3918 precipuis
876 3821 1046 3918 operibus,
1061 3822 1173 3915 quibus
1185 3817 1278 3888 debet
1391 3802 1394 3808 ¹

1058 3934 1128 4027 Biij

402 4029 408 4064 i
