3742 5109
577 556 991 650 tD'ANNUM
1043 593 1147 670 1470.
1274 599 1319 668 41

373 803 441 893 37
474 775 613 860 Sancti
628 775 862 859 ‘Hieroninri
886 769 1081 884 epistolae.
1110 767 1293 866 In-folio.

487 964 609 1038 Textui
626 963 855 1061 praemittuntur
872 963 939 1037 duo
955 962 1033 1035 folia
1049 962 1158 1035 indicis
1174 964 1323 1059 epistola·

429 1109 531 1172 rum,
552 1109 622 1181 quae
643 1102 716 1160 sunt
734 1084 795 1161 ΝΟ.
824 1106 915 1173 140,
939 1107 1073 1178 quatum
1090 1081 1199 1152 ultima
1218 1085 1323 1154 termi-

429 1221 535 1274 natur
556 1228 628 1279 cum
649 1200 737 1274 tertii
756 1200 907 1273 columna
927 1200 996 1274 folii
1017 1201 1126 1274 ultimi.

486 1357 596 1432 Prima
606 1360 757 1435 columna
767 1360 872 1450 est46
882 1357 1036 1436 lineatum
1044 1412 1056 1447 ,
1069 1375 1191 1430 caeterae
1200 1384 1241 1434 ex
1256 1375 1324 1460 505

431 1469 479 1551 et¹
495 1476 609 1548 ultima
630 1479 687 1573 36.

485 1631 589 1704 Caret
605 1632 740 1728 signat„
757 1633 904 1724 custod,
926 1634 1066 1706 numeris
1089 1652 1149 1709 etc.
1172 1633 1235 1706 Sed
1255 1634 1324 1730 pri-⁴

429 1776 492 1823 ma
514 1752 618 1821 littera
639 1752 815 1848 principalis
839 1755 998 1849 eleganter
1020 1753 1205 1850 depingitur.
1230 1752 1322 1823 Cha-

427 1885 544 1939 racter
575 1868 659 1943 idem
693 1870 827 1946 omnind
855 1890 903 1942 est
937 1897 1003 1968 quo
1040 1871 1091 1943 ille
1128 1873 1252 1968 Virgilii
1291 1871 1323 1943 la

429 1986 594 2062 Vailidre.

481 2142 645 2215 Chartarii
675 2146 800 2244 signum
836 2148 920 2219 idem
956 2166 1002 2221 est
1040 2174 1107 2245 quo
1144 2148 1323 2221 catholicon

428 2263 511 2340 anni
548 2266 668 2353 1460,
696 2264 785 2362 quod
812 2266 906 2338 incidi
939 2267 1062 2338 curavit
1093 2265 1255 2338 Schwartz
1289 2263 1323 2336 in

428 2385 608 2457 document.
628 2386 813 2477 primatiis,
837 2384 899 2479 N‘t.
928 2395 975 2456 1⁰.

405 2579 407 2584 ·
481 2519 631 2608 Placidus
664 2539 769 2616 Braun
803 2540 858 2637 qui
892 2540 992 2614 multa
1027 2540 1185 2615 recensuit
1224 2539 1323 2611 voiu-

426 2655 524 2730 mina
546 2681 660 2728 excusa
673 2684 756 2729 cum
777 2661 841 2733 hoc
866 2659 1079 2747 charactere,
1107 2682 1203 2758 quern
1227 2657 1323 2727 Man-

427 2774 514 2844 telio
547 2775 700 2865 ascribit,
728 2768 793 2848 hoc
827 2777 987 2872 ignoravit
1023 2778 1103 2848 sicut
1135 2776 1239 2850 caeteri
1255 2864 1258 2870 .
1272 2777 1323 2846 bi-

425 2891 644 2987 bliographi,
669 2893 709 2965 de
736 2894 828 2965 Murr
860 2914 1022 2989 excepto,
1045 2893 1098 2991 qui
1123 2895 1322 2965 tamen·h0c
1393 2974 1401 2984 ‚

423 3033 503 3080 non
527 3008 700 3105 descripsit.
722 3012 786 3085 Pro
812 3014 920 3084 histor.
949 3012 1208 3111 Typographicae
1230 3013 1321 3082 bono
1400 3014 1409 3034 ⁰

423 3152 502 3201 non
523 3126 637 3221 pariam
659 3129 733 3204 facit
747 3130 874 3227 antiqua
892 3126 984 3220 hujus
1001 3132 1154 3227 ligatura,
1179 3131 1212 3200 in
1234 3126 1322 3218 cujus

422 3244 578 3317 faciebus
601 3247 723 3335 verba,
745 3248 887 3344 sequenti
905 3247 1003 3343 figuti
1013 3303 1026 3335 ,
1049 3273 1216 3343 expressa:
1235 3247 1322 3317 ferro

421 3361 595 3442 candente
610 3365 788 3463 uncialique
803 3368 984 3439 charactere
1000 3367 1149 3461 impressa
1166 3384 1259 3451 sunt,
1278 3391 1322 3437 eo

418 3479 567 3580 quidem
596 3480 696 3553 modo
730 3502 766 3553 ut
796 3508 910 3554 eorutn
939 3484 1163 3577 genuinitatem
1192 3473 1322 3556 contra-¹

415 3601 542 3677 dicere
564 3623 662 3670 nerno
683 3601 811 3692 valeat,
829 3599 977 3699 adedque
994 3622 1067 3674 ante
1084 3629 1202 3678 anuum
1228 3610 1321 3700 1469

411 3735 592 3846 prodiisse
615 3738 789 3836 probatur:
