3742 5109
526 624 609 729 '346
734 618 1015 736 ¹LIBRI
1063 617 1195 691 SUB

583 803 690 854 sorem
731 802 799 849 esse
839 769 995 850 eumdem'
1026 776 1080 873 qui
1122 757 1274 847 Ciceroni}
1314 778 1468 849 orationes

489 912 500 946 ·'
565 889 671 974 ¹turno
700 894 925 989 1472'edidit.
948 894 1047 967 Nulla
1072 896 1158 966 enim
1181 913 1227 966 est
1248 897 1329 966 inter
1357 898 1472 969 utrius·

540 1059 550 1068 ν
585 1043 649 1118 que
664 1017 880 1089 characterem
897 1015 1023 1111 paritas.
1049 1012 1209 1111 Adedque
1226 1013 1369 1087 Adamus
1386 1018 1472 1086 Lac-

585 1138 678 1211 antii
700 1135 893 1230 impressor,
907 1132 1004 1228 longe
1026 1130 1182 1228 discrepat
1204 1134 1245 1204 ab
1270 1133 1399 1205 Adamo
1420 1136 1473 1203 Ci-
1589 1201 1591 1208 .

587 1280 691 1329 ranem
711 1252 932 1348 imprimente,
951 1269 983 1321 et
1000 1250 1096 1322 etiam
1109 1269 1242 1348 uterque
1259 1250 1414 1347 discrepat
1430 1253 1473 1323 ab

589 1370 720 1447 Adamo
740 1371 809 1442 Rot
829 1371 997 1445 Dominici
1015 1372 1050 1439 de
1072 1392 1179 1444 samio
1202 1369 1389 1441 Geminiano
1412 1376 1476 1441 lac-

590 1514 694 1565 turam
730 1516 821 1584 super
857 1490 990 1563 secunda
1020 1511 1111 1582 parta
1139 1491 1329 1559 decretalium
1362 1489 1476 1585 impri-

590 1628 723 1695 mente;
744 1606 777 1679 id
801 1606 958 1703 probante
983 1608 1078 1679 etiam
1099 1604 1235 1680 dilucide
1257 1607 1476 1681 characterum

592 1726 785 1825 disparitate.
882 1793 885 1798 .

643 1863 750 1938 Adam
777 1861 846 1960 Rot
875 1861 932 1934 fuit
960 1861 1091 1934 clericus
1119 1860 1273 1935 Metensis
1301 1863 1478 1938 dioecesis:

596 1970 813 2078 Ambergavia
833 1981 914 2053 verti
944 2000 991 2052 est
1012 1982 1103 2056 locus
1132 1981 1274 2053 Bavariae
1299 1985 1479 2077 superioris.

597 2100 677 2196 Qui
705 2119 809 2174 autem
838 2101 870 2172 in
898 2102 976 2174 urbe
1003 2079 1099 2173 ¹fuerit
1124 2100 1363 2199 Typographus
1395 2102 1479 2172 Am·

596 2220 810 2318 bergaviensis
832 2221 1013 2316 ignoratur,
1030 2218 1105 2291 diam
1129 2218 1253 2292 videtur
1270 2221 1351 2293 hanc
1369 2220 1481 2291 editio·

553 2351 558 2361 '
597 2365 675 2416 uem
702 2341 858 2422 Lactantii
885 2338 1029 2411 Venetiis
1051 2338 1214 2435 prodiisse.
1243 2340 1328 2413 Vide
1355 2337 1482 2435 sopri,

593 2484 671 2556 pag.
699 2482 791 2549 124,
815 2457 875 2529 N0.
899 2480 956 2551 70.

651 2597 887 2671 Praemittuntur
915 2595 1014 2668 textui
1041 2598 1198 2670 Lactantii
1220 2618 1268 2670 x1
1296 2598 1372 2670 folia
1399 2594 1485 2669 indi·-¹

602 2716 648 2792 cis
671 2734 704 2786 ct
725 2736 901 2788 erratorum
924 2740 995 2811 quae
1019 2715 1052 2787 in
1077 2718 1241 2787 Lactantio
1262 2717 1386 2788 notavit
1413 2716 1485 2786 An-

604 2833 711 2908 tonius
733 2830 931 2922 Raudensis,
954 2854 986 2904 et
1007 2853 1119 2906 contra
1141 2858 1238 2930 quem
1265 2834 1329 2905 acri
1351 2833 1486 2906 censuri

605 2951 771 3024 insurrexit
799 2951 959 3023 Antonius
994 2952 1170 3025 Montaltus
1205 2952 1384 3023 Genuensis
1411 2952 1493 3041 Aug·

489 3125 492 3132 ·
607 3069 799 3172 gustinianus
821 3069 868 3141 his
889 3071 1055 3144 versibust

589 3320 594 3329 ·
657 3266 721 3342 We
734 3271 813 3338 mah
828 3268 971 3359 corripuit
985 3266 1104 3339 stolidis
1120 3267 1282 3344 Antonius
1298 3268 1407 3342 aurit:

709 3408 895 3495 Auctorem,
920 3424 982 3508 etc.

660 3599 835 3674 Character
856 3619 903 3671 est
918 3600 1067 3695 elegans:
1091 3613 1177 3672 caret
1194 3600 1380 3697 signaturis,
1401 3614 1493 3676 num}

612 3734 645 3789 et
668 3718 792 3789 custod.
819 3716 883 3789 Sed
905 3718 1014 3787 litterae
1037 3717 1221 3813 principales
1251 3719 1408 3813 eleganter
1433 3719 1493 3787 de-

613 3834 707 3933 pictae
722 3854 803 3908 sunt.
826 3834 931 3908 Editio
953 3834 1023 3908 haec
1043 3859 1110 3906 non
1127 3834 1223 3909 habet
1239 3835 1490 3938 Nephytomon.
