3742 5109
448 571 451 577 ’
550 607 622 687 330
819 587 1029 661 trent
1078 587 1210 660 soe

777 782 886 867 Liba·
907 784 975 870 sub
1000 818 1099 869 anno
1131 814 1255 901 1471.

553 1026 571 1085 1
605 993 809 1088 Leonardi
832 976 993 1081 Areti'ni
1019 996 1069 1081 de
1096 996 1211 1082 Bello
1233 971 1379 1085 ltalico
1404 1002 1481 1089 ad-

603 1132 741 1216 versits
767 1129 929 1214 Gothos
953 1128 1045 1215 libri
1066 1131 1143 1224 IV.
1165 1130 1298 1216 In·fol.
1328 1163 1382 1218 tn.
1408 1167 1443 1219 r.

645 1319 773 1415 Legitur
795 1319 828 1390 in
852 1320 939 1397 fine:

621 1495 761 1569 Gauro
782 1497 863 1566 bunc
883 1499 993 1568 librum
1014 1502 1167 1591 impressit
1187 1502 1337 1573 Nicotaus
1360 1502 1480 1575 sanson

669 1634 793 1726 Arofici
813 1656 914 1731 grates
935 1637 1046 1727 optime
1065 1641 1155 1706 lector
1169 1639 1253 1709 habe.

792 1770 844 1841 M.
869 1770 1005 1844 CCCC.
1031 1771 1157 1844 LXXI.

644 1944 816 2040 Exemplar
838 1946 964 2041 elegans
986 1970 997 2033 ;
1020 1947 1139 2043 absque
1172 1944 1308 2042 signat,
1334 1974 1422 2024 nurn.
1448 1968 1480 2023 et

594 2063 719 2137 custod.
741 2063 828 2138 Vide
849 2062 986 2137 Debure
1002 2117 1020 2178 ,Ι
1037 2065 1098 2138 N0.
1128 2067 1231 2177 5o16.

544 2310 568 2370 2
599 2282 797 2367 Oratione
832 2281 873 2368 di
906 2282 1146 2394 bessarione
1175 2278 1365 2368 Cardine]
1405 2284 1479 2368 Ni-

599 2444 703 2500 ceno
724 2446 745 2499 e
765 2417 989 2501 Patriercha
1008 2414 1050 2500 di
1072 2415 1433 2528 Constantinopoli
1456 2448 1479 2501 a
1547 2508 1549 2513 ,

598 2548 715 2637 Tetti
747 2546 803 2665 gli
835 2548 998 2665 Signori
1026 2545 1175 2644 d'Italia
1206 2548 1478 2632 confortando

598 2678 658 2793 gli
678 2710 701 2763 a
720 2678 870 2795 vpigliar
892 2679 928 2763 la
953 2710 1093 2795 guerra
1114 2668 1256 2765 eontra
1282 2680 1309 2762 il
1336 2680 1476 2765 turcho

598 2809 845 2927 vulgarizate
881 2841 953 2922 per
992 2809 1033 2895 lo
1068 2811 1287 2897 clarissimo
1324 2811 1476 2895 huomo

597 2950 717 3033 miser
745 2939 945 3028 lodovico
961 2944 1137 3030 carbone
1158 2942 1238 3028 allo
1260 2942 1476 3030 illustrissi-

597 3106 666 3162 mo
688 3084 1041 3189 eprestantissimo
1055 3080 1168 3164 Duca
1183 3065 1325 3163 Borso.
1345 3082 1479 3180 In240.

634 3267 839 3339 Tenninatut
854 3268 934 3339 folio
952 3295 1047 3341 verso
1068 3271 1136 3341 sic:
1148 3271 1241 3361 fiais.
1264 3270 1314 3340 M.
1337 3268 1477 3342 CCCC.

586 3386 712 3460 LXXI.
730 3388 819 3458 Nihil
835 3388 936 3458 videri
953 3407 1058 3483 potest
1079 3388 1249 3483 elegantiis
1267 3389 1477 3482 impressum

443 3555 453 3571 .
589 3524 623 3576 et
641 3504 727 3577 elim
754 3506 861 3575 norint
892 3507 1016 3576 litterati
1048 3504 1249 3578 Ludovicum
1290 3504 1475 3574 Carbonem

586 3648 719 3691 munere
743 3621 942 3693 Correctoris
965 3622 1108 3692 functum
1136 3620 1229 3689 fuisse
1252 3620 1337 3714 apud
1363 3618 1477 3687 Chris·

587 3740 766 3827 tophortnn
789 3738 980 3822 Valdarfer,
1001 3737 1079 3805 sicut
1099 3752 1223 3817 constat
1244 3760 1284 3803 ex
1306 3737 1410 3804 Semo
1440 3737 1474 3802 in

585 3858 751 3954 Virgilium
778 3859 859 3928 anni
888 3877 1011 3947 1471,
1042 3850 1123 3923 vero
1153 3851 1254 3924 simile
1283 3871 1330 3925 est
1357 3852 1473 3923 Bessa·
