3742 5109
550 580 646 657 'AD
696 581 977 659 ANNUM.
1032 580 1139 677 1480}
1259 586 1302 687 85

423 718 460 792 in
471 721 531 794 hac
543 715 618 797 edit}
630 724 822 810 Mantelius,
841 750 878 795 ac
891 724 923 798 in
935 717 1126 819 praecedeirti
1137 722 1197 797 ΝΟ.
1210 722 1247 796 Β.
1262 748 1306 816 4,

356 929 360 934 .
422 859 564 920 attamen
584 861 654 914 toto
671 844 753 915 caelo
769 841 918 914 differunt
935 845 1016 917 inter
1031 869 1089 932 se,
1106 868 1211 941 neque
1226 869 1305 915 con·

333 948 336 954 ’
420 958 513 1030 venit
543 986 617 1033 cunr
653 962 749 1053 tribus
783 961 852 1031 aliis
886 960 1075 1033 editionibus
1113 989 1132 1033 a
1164 960 1307 1064 Denis,

420 1074 487 1150 N0.
507 1080 597 1168 4261
621 1097 654 1150 et
672 1075 897 1177 sequentibus,
919 1078 1090 1174 descriptis.
1273 1170 1276 1179 ¹

471 1194 715 1269 Characteribus
736 1198 937 1269 Mantelianis
966 1198 1118 1294 prodiisse
1141 1193 1305 1272 extradu-

344 1355 346 1359 ·
420 1312 512 1384 bium
541 1334 620 1403 est;
659 1314 745 1387 unde
779 1315 917 1411 secunda
948 1317 1032 1387 foret
1060 1314 1202 1405 ejusdem
1235 1317 1305 1388 libri

420 1430 521 1502 editio
546 1459 621 1504 cum
648 1434 706 1505 illis
738 1436 890 1529 vulgata:
923 1435 1058 1530 primam
1092 1437 1177 1508 enim
1212 1435 1305 1532 supra

417 1551 591 1625 retulimus.

438 1739 443 1747 -
470 1679 641 1787 Exe'mplar
663 1708 712 1762 est
733 1691 1009 1788 elegantissimum.

372 1890 424 1973 18
457 1885 614 1972 Summa
641 1887 692 1973 de
728 1889 884 1975 casibus
910 1889 962 1974 ad
999 1889 1197 1975 honorem
1224 1891 1303 1975 D'ei

425 2020 643 2132 compilata
669 2053 740 2133 per
768 2024 927 2108 fratrem
945 2063 950 2070 ²
966 2023 1218 2109 Astexanum
1251 2023 1320 2108 de¹

429 2154 573 2239 ordine
594 2158 759 2242 fratrum
780 2111 996 2244 minortffn.
1020 2156 1160 2243 Infol.
1177 2158 1301 2240 Tomi

412 2284 541 2394 duo,
572 2318 626 2374 m.
652 2319 685 2375 r.
1179 2312 1181 2315 ’

469 2457 596 2541 Tornus
621 2464 740 2566 primus
768 2465 812 2546 sic
839 2465 969 2561 incipit:

897 2645 1050 2713 onerando
1074 2642 1109 2712 itt
1133 2637 1198 2736 r'cpo
1212 2647 1301 2737 patri

900 2787 928 2832 et
948 2762 1022 2834 Ᾰῖιο.
1045 2764 1167 2832 Domio
1181 2764 1301 2853 jolia‘ni

850 2873 852 2876 ⁵
897 2883 1051 2977 gaijetab
1075 2884 1190 2952 durbe
1214 2886 1300 2957 divin·

896 3003 1070 3095 ‘pridcrrtia
1107 3003 1299 3097 dignissimo.

468 3173 594 3249 Tomus
614 3176 695 3250 veri>
718 3176 873 3250 secundus
896 3178 1004 3273 incipit
1025 3176 1144 3248 alibro
1161 3174 1297 3271 quinto,

322 3362 324 3366 .
418 3310 452 3364 et
476 3295 655 3367 terminatur
677 3296 757 3367 folio
783 3321 877 3367 verso
905 3322 980 3370 cum
1006 3275 1156 3368 column&
1179 3290 1298 3379 tertia,

407 3433 452 3492 ¹et
471 3411 550 3483 folio
569 3416 710 3511 sequenti
729 3416 837 3510 incipit
852 3412 946 3486 index
963 3412 1229 3494 materiatum‘lo
1247 3410 1297 3481 fo·
1401 3476 1403 3480 ,

419 3531 560 3623 limum,
580 3536 634 3629 qui
659 3534 703 3605 sic
726 3534 855 3629 incipit:
922 3522 925 3530 ¹

590 3734 697 3823 upiens
716 3757 767 3828 ego
778 3730 897 3820 fratrer
917 3738 1072 3802 artaxan⁹

534 3853 536 3855 ’
593 3855 741 3944 cupilator
756 3852 850 3944 hujus
858 3852 954 3946 stirne
969 3853 1066 3930 adiro
