3742 5109
566 573 1145 674 ADANNUM1470.'
1277 593 1325 680 '43

493 716 664 790 Cimelium
682 716 748 787 hoc
765 714 970 805 litterarium,
988 716 1067 787 vere
1088 718 1235 812 princeps
1258 718 1330 790 edi-

441 836 489 908 tio
518 833 665 931 appellari
702 853 840 906 meretur
866 834 989 905 ratione
1027 836 1250 932 antiquitatis,
1287 836 1328 908 ad

439 955 546 1028 minin
567 954 651 1025 enirn
678 978 791 1025 coaeva
807 972 855 1024 est
873 954 1051 1043 Romano,
1074 956 1154 1023 anni
1179 954 1284 1045 1468.

490 1073 631 1145 Ratione
643 1072 882 1157 distributionis,
895 1071 958 1144 huc
970 1098 1071 1168 usque
1083 1073 1169 1143 enirn
1179 1073 1264 1143 nulla
1275 1072 1327 1145 de·

438 1210 524 1265 tecta
533 1192 591 1264 fuit
603 1191 663 1263 hac
677 1190 832 1262 methodo
850 1189 972 1280 divisa,
984 1190 1026 1262 ita
1039 1211 1074 1262 ut
1087 1191 1236 1289 quidquid
1247 1218 1326 1264 vera

437 1337 508 1382 non
531 1311 571 1381 sit
592 1310 638 1381 Sti
661 1308 818 1382 Doctoris
842 1308 1003 1405 epistola,
1028 1310 1211 1382 excludatur
1230 1336 1242 1397 3
1264 1337 1325 1382 ex·

437 1428 533 1528 clusis
546 1428 610 1500 aliis
622 1425 688 1519 ejus
705 1427 864 1523 opusculis
876 1452 967 1523 quae,
982 1428 1014 1497 in
1027 1426 1143 1501 decimi
1156 1429 1255 1526 quinti
1267 1454 1325 1499 sae·

436 1547 502 1621 culi
519 1546 732 1638 editionibus,
753 1545 902 1619 unicum
916 1546 1057 1642 epistolis
1074 1565 1164 1618 erant
1180 1546 1326 1622 confina.

490 1664 630 1738 Ratione
653 1664 754 1737 tentiis
777 1665 895 1761 ipsius,
917 1666 951 1735 in
976 1690 1043 1761 quo
1069 1662 1184 1759 passim
1208 1689 1326 1736 occur·
1363 1677 1369 1684 '

433 1800 514 1854 runt
534 1785 691 1857 variantes
713 1783 868 1856 lectiones
891 1783 932 1853 ab
954 1782 1109 1877 impressis
1131 1781 1277 1856 diversae.

484 1899 685 1995 Theophilus
714 1900 754 1972 de
781 1902 902 1992 Murr,
931 1903 965 1971 in
992 1902 1239 1972 memorabilibus
1265 1902 1325 1971 Bi-

429 2019 651 2090 bliocbecanm
671 2022 991 2117 Norimbergensium,
1002 2043 1092 2111 parte
1100 2021 1229 2113 primi,
1245 2046 1323 2116 pag.

411 2205 425 2217 k
432 2160 504 2232 301
525 2190 537 2225 ,
558 2138 675 2231 primus
693 2161 730 2212 ac
750 2139 837 2209 solus
860 2156 931 2228 est,
955 2136 1043 2233 quod
1060 2138 1183 2228 sciam,
1207 2139 1260 2233 qui
1282 2136 1324 2207 de

434 2257 500 2326 hac
518 2252 658 2328 editione
680 2256 825 2345 locutus,
848 2281 921 2326 eam
939 2255 1096 2327 Mantelio
1117 2254 1325 2349 adscripserit.
1439 2293 1446 2327 ›

430 2374 531 2444 Parte
552 2369 597 2447 25.
611 2426 623 2461 ,
638 2400 713 2469 pag.
742 2375 833 2470 326,
852 2376 1093 2443 memorabilium
1111 2374 1324 2443 Bibliothecar.

428 2493 591 2586 publicar.
607 2494 754 2572 Norimb,
763 2488 860 2585 impr.
876 2493 1020 2563 Norimb.
1039 2488 1143 2561 ln·8⁰.
1170 2488 1273 2584 1786.

378 2670 435 2787 38
470 2667 611 2751 Sancti
642 2668 869 2752 Hieronimi
900 2672 1101 2779 expositio
1139 2661 1323 2779 Symboli

365 2839 367 2843 ·
439 2822 594 2885 contra
623 2800 896 2890 Jovinianum.
931 2806 1061 2902 ln·4⁰.

486 2994 535 3065 29
559 2968 639 3039 foliis
658 2989 805 3059 constat3
823 2998 862 3043 ex
886 2970 1198 3063 characterelellii,
1218 2987 1250 3042 et
1264 2995 1324 3067 pa-

428 3086 511 3186 gina
538 3087 649 3159 ultima
670 3115 715 3160 ex.
736 3092 782 3162 26
804 3092 904 3164 lineis.

373 3293 433 3386 39
466 3264 668 3353 Isodorus
682 3265 732 3353 de
748 3268 1043 3355 summobono.
1064 3273 1197 3369 In·4⁰.
1214 3297 1268 3351 m.
1288 3299 1321 3354 r.

478 3456 692 3531 Terminatur
710 3461 790 3533 folio
807 3481 896 3534 recto
913 3487 987 3532 curn
1003 3462 1047 3531 26
1059 3458 1168 3545 lineis,
1185 3458 1232 3528 his
1249 3484 1323 3529 ver·

415 3577 473 3652 bis
486 3603 501 3665 :n
515 3579 644 3667 explicit
652 3582 752 3650 tertius
765 3583 840 3651 liber
854 3582 968 3650 Isidori
979 3578 1034 3671 epi.
1049 3582 1083 3647 de
1099 3579 1323 3651 summobono.

411 3694 551 3788 Incipit
565 3693 651 3767 verb
674 3697 853 3769 immediate
877 3726 897 3769 a
916 3697 1022 3770 rabuli
1046 3696 1137 3795 primi
1167 3697 1246 3769 libri.

472 3812 662 3888 character
684 3836 731 3890 est
755 3815 855 3892 Zellii.
969 3853 974 3864 ·
