3742 5109
483 593 485 596 ’
537 636 540 641 -
654 578 865 659 ΑΝΝΟ
911 579 1026 680 1473}
1127 606 1129 611 ·
1235 589 1311 679 '317

382 789 436 881 27
472 738 680 850 Strabonis
723 760 994 877 Geographiae
1037 754 1129 843 libri
1173 777 1264 842 xvi
1279 777 1312 842 1.'

437 897 614 1011 Impress.
641 892 774 980 Roma
795 890 1104 1005 Saveyrrlreymer
1117 890 1313 1007 Pennana
1347 940 1358 962 ·.

445 1057 548 1143 1473
578 1090 593 1135 ‚
626 1028 685 1110 die
721 1030 808 1109 νετὸ
845 1027 892 1112 V
885 1026 1005 1109 erretis
1039 1053 1138 1109 XII
1173 1025 1312 1106 mensis

437 1159 652 1245 Februarii.
683 1155 827 1245 In-fol.
855 1187 966 1242 mr.

348 1358 376 1424 ,’
482 1350 567 1423 Vide
585 1349 751 1439 Debure‚
773 1349 836 1421 N0.
859 1344 968 1439 4182.
994 1344 1165 1445 Exemplar
1187 1350 1314 1447 elegans

433 1483 468 1541 'et
489 1470 700 1566 completum.

387 1686 438 1769 28
469 1682 600 1769 Publii
639 1640 822 1769 Terentii
851 1682 960 1769 Afri
1001 1706 1132 1795 poetae
1169 1682 1318 1769 comici

443 1815 649 1902 comediae.
662 1814 731 1902 Ex
744 1817 831 1901 edit.
852 1813 1043 1930 Rapharl.
1066 1814 1196 1929 Regii.
1219 1814 1331 1904 In-f...

483 2030 685 2102 Praemittitur
706 2028 798 2123 operi
820 2026 933 2099 folium
957 2027 1046 2124 quod
1070 2054 1111 2100 ex
1140 2027 1205 2102 una
1230 2048 1319 2126 parte

438 2145 561 2218 tantum
588 2146 806 2242 imprimitur,
835 2169 872 2216 ac
903 2141 1033 2218 exhibet
1059 2146 1226 2242 epistolam
1256 2143 1321 2220 Ra·
1469 2159 1476 2165 ’

439 2262 696 2359 phaelisRegii,
715 2263 747 2331 in
764 2254 853 2351 cujus
872 2260 936 2331 fine
956 2261 1087 2357 legitur:
1105 2266 1240 2350 Veneriis
1262 2286 1322 2335 ter-

439 2382 484 2449 rio
511 2406 613 2450 nonas
637 2380 748 2449 Maias
777 2404 864 2449 anno
885 2405 906 2447 a
938 2382 1041 2449 natali
1070 2382 1246 2452 Christiano
1271 2382 1324 2457 M.
1432 2392 1433 2396 ’

440 2496 578 2571 CCCC.
590 2493 765 2571 LXXIII.
781 2496 914 2567 Nicolao
925 2498 1051 2567 Throno
1068 2500 1170 2571 Duce.
1188 2499 1229 2568 Et
1243 2499 1323 2570 folio

440 2616 584 2713 sequenti
595 2616 704 2712 incipit
714 2616 850 2687 auctoris
866 2614 1005 2706 Andria,
1023 2636 1135 2689 etcum
1146 2616 1252 2715 Ecyrri
1263 2635 1324 2688 ter·
1450 2612 1461 2632 '

440 2736 578 2807 minatur
600 2734 681 2808 folio
702 2759 797 2806 verso
814 2735 969 2806 volumen
993 2735 1060 2806 sic:
1079 2736 1170 2830 finis.
1201 2735 1324 2807 Folium

315 2919 359 2950 Α
376 2946 397 2957 ο
437 2855 578 2950 sequitur
595 2851 685 2951 quod
701 2853 796 2923 refert
817 2854 1012 2949 epigramma
1030 2842 1156 2950 Cippici
1173 2854 1213 2924 ad
1224 2855 1326 2926 lecto·

304 2952 318 2959 ³
333 2962 349 2972 ”
394 2966 401 2974 ’
440 2997 535 3060 rem,
558 2997 599 3043 ex
625 2994 668 3044 10
688 2970 842 3042 versibus.
868 2969 967 3042 Caret
983 2972 1118 3067 signat,
1135 2972 1273 3043 numeris
1292 2988 1326 3043 et

346 3113 349 3119 ’
444 3088 594 3170 custod.;
621 3086 678 3154 sed
704 3112 779 3155 cum
812 3085 1011 3159 distinctione
1043 3114 1193 3160 versuum
1220 3090 1326 3185 impri-

446 3199 549 3304 mitur.
578 3198 752 3271 Character
778 3200 935 3296 pertinere
965 3204 1088 3275 videtur
1116 3204 1157 3275 ad
1184 3205 1327 3277 Vindeli-

446 3306 582 3389 nunide
598 3315 698 3411 Spita.
721 3317 826 3389 Editio
848 3319 919 3391 haec
938 3321 996 3392 fuit
1019 3321 1082 3393 huc
1100 3346 1221 3418 usque,
1237 3323 1329 3419 quud
1402 3347 1403 3352 ’

447 3461 569 3525 sciam,
589 3433 712 3529 penitus
735 3435 854 3530 ignota.
938 3522 941 3527 ι

495 3573 669 3651 character
693 3574 820 3670 elegans
845 3594 878 3646 et
904 3574 1084 3673 quadratus.

296 3784 298 3787 ’
404 3820 456 3903 29
477 3790 612 3881 Sancti
626 3790 862 3893 Thomaede
880 3796 1052 3911 Aquino
1070 3802 1326 3887 auctoritates
1467 3859 1478 3881 .
