3742 5109
566 523 636 656 338
833 551 1042 625 urunt
1090 550 1219 623 suu

521 780 525 788 .
564 716 733 800 Henrici
769 709 820 795 de
848 710 1074 795 'Gorichem
1102 729 1292 812 tractatus
1325 703 1378 791 de
1413 734 1508 820 pre·

530 952 538 968 ·
619 845 887 933 destinatione
912 869 951 926 et
975 840 1271 953 reprobatione.

662 1057 702 1141 ln
719 1055 782 1127 fine
803 1054 935 1152 legitur:
959 1078 1022 1123 ano
1046 1051 1102 1122 diri
1129 1074 1232 1143 1474.
1308 1078 1310 1083 ·

564 1270 758 1388 Ejusdem
786 1296 974 1357 tractatus
1005 1269 1056 1354 de
1085 1272 1266 1380 symonia
1295 1272 1407 1355 circa
1439 1297 1503 1356 se·
1536 1293 1559 1344 a

623 1405 802 1517 pulturas
831 1388 1035 1489 accidente
1061 1436 1074 1511 3
1104 1429 1144 1487 et
1180 1404 1299 1492 Joan.
1329 1400 1381 1485 de
1410 1399 1505 1487 Mess

621 1536 768 1622 chlinia
799 1536 1075 1622 determinatio
1104 1534 1394 1649 quodlibetica.
1428 1599 1430 1604 .

567 1694 710 1788 latobi
728 1694 981 1779 Carthusiani
1008 1721 1109 1803 opus
1130 1690 1182 1777 de
1201 1688 1339 1798 valore
1361 1716 1405 1776 et
1429 1696 1505 1779 uti-

621 1826 731 1911 litate
759 1832 963 1912 missarum
990 1855 1065 1937 pro
1094 1823 1308 1911 defunctis.

663 2039 701 2110 ln
728 2040 791 2110 fine
812 2040 951 2136 legitur:
978 2061 1007 2109 et
1032 2042 1077 2109 sie
1106 2062 1151 2109 est
1165 2039 1248 2129 finis
1279 2038 1375 2129 hujus
1400 2035 1504 2132 operit

616 2183 715 2241 anno,
744 2180 846 2252 1474.
896 2158 1051 2254 Quinque
1095 2158 1328 2255 subsequuntur
1370 2157 1504 2252 vpaginae

617 2303 750 2373 quarum
778 2256 887 2348 ultima
905 2278 961 2347 'sic
989 2272 1172 2347 terminatur
1199 2299 1272 2347 cum
1305 2274 1347 2372 25
1378 2264 1503 2349 lineis:

617 2398 740 2486 explicit
758 2397 967 2464 determinatio
970 2445 1181 2466 .............
1204 2394 1351 2488 Magistri
1368 2395 1445 2466 Joh.
1465 2397 1505 2465 de

617 2514 786 2582 Mecilinid
808 2516 843 2582 in·
864 2515 1016 2604 quotlibet.
1048 2512 1188 2584 Primum
1214 2537 1294 2608 opus
1328 2512 1506 2584 numerato

495 2661 498 2666 ⁴
614 2630 719 2702 indice
741 2650 788 2702 est
814 2656 856 2725 17
881 2630 1058 2717 foliorum3
1080 2630 1284 2721 secundum,
1309 2631 1441 2703 tertium
1470 2648 1505 2701 et

478 2751 481 2758 “
617 2767 762 2843 quartum
785 2774 825 2819 ex
851 2772 894 2843 19
917 2748 1027 2838 foliis,
1056 2767 1088 2820 et
1112 2749 1256 2822 ultimum
1285 2774 1327 2820 ex
1357 2775 1392 2842 9.
1417 2748 1504 2849 Haec

618 2867 770 2958 opuscula
790 2885 862 2937 sunt
878 2892 922 2937 ex·
940 2867 1120 2944 charactere
1138 2865 1284 2940 Conradi
1305 2868 1425 2963 Fyner.
1482 2893 1484 2896 ’
1517 2919 1542 2956 ,
1578 2930 1584 2943 .

665 2981 762 3053 Index
780 2983 884 3078 operis
901 2982 1016 3055 Joann.
1033 2986 1162 3055 Gerson
1179 2985 1296 3057 eodem
1308 2984 1413 3057 modo
1428 2972 1506 3082 peri

556 3095 569 3141 7
617 3100 718 3171 licitur
744 3128 780 3174 ac
808 3103 859 3173 ille
885 3102 940 3199 qui
964 3122 1048 3174 extat
1078 3104 1111 3173 in
1142 3104 1205 3175 line
1235 3105 1304 3175 libri
1338 3095 1451 3200 quarti
1467 3106 1506 3174 de
1537 3128 1546 3145 ·

617 3221 757 3290 doctrimi
777 3221 1147 3319 chrisriaudAugus'tini,
1172 3248 1212 3299 ex
1235 3221 1377 3308 editionq
1401 3223 1503 3293 Men-

581 3408 583 3411 .
617 3337 715 3419 telini.
740 3336 798 3415 De
816 3341 862 3412 his
880 3341 1037 3436 opusculis
1057 3341 1132 3413 nihil
1155 3340 1239 3438 apud
1259 3339 1503 3435 bibliographos

618 3480 731 3551 repen.
1320 3491 1322 3494 ·
1466 3513 1470 3517 .

341 3705 343 3707 ·
453 3754 454 3757 a
572 3694 625 3769 24
652 3670 850 3762 Herodoti
873 3666 1126 3760 historiarum
1147 3675 1239 3763 libri
1258 3674 1320 3757 IX
1343 3702 1395 3760 ex
1413 3703 1506 3763 ver·

627 3805 741 3887 sione
762 3807 967 3894 Laurentii
990 3805 1131 3905 Vallae.
1161 3808 1334 3899 Veneriis
1341 3841 1417 3921 per
1433 3806 1507 3895 Ja-
