3742 5109
502 558 504 562 >
633 525 666 601 Ἀ
691 530 724 602 Ν
749 530 783 602 Ν
808 529 843 601 O
898 551 1002 625 1477.
1208 481 1276 631 ,μς

401 675 434 742 di
455 670 545 762 ripoli
563 671 625 739 dell
639 672 743 738 ordine
764 672 799 738 de
808 667 907 757 fratri
922 669 1104 759 predicatori
1124 732 1133 762 ι
1137 694 1162 759 p
1183 696 1280 739 mano

400 792 433 859 di
456 793 516 858 duo
540 789 669 882 religiosi
681 784 768 875 frate
790 789 941 855 dominico
963 788 1004 854 da
1014 788 1133 879 pistoie
1150 810 1180 855 et
1193 786 1280 874 frate

395 910 481 999 piero
500 910 542 974 de
568 907 656 977 Pisa.
687 906 741 973 deo
763 907 892 1000 gratias.
1286 942 1294 957 ·

451 1023 592 1122 Celebris
609 1024 678 1093 haec
694 1020 790 1093 editio
807 1047 844 1092 ac
861 1018 993 1117 legenda
1010 1020 1101 1093 tantis
1115 1021 1224 1093 fabulis
1241 1050 1295 1125 ac¹

402 1140 573 1211 visionibus
592 1140 726 1227 referta,
744 1139 924 1210 charactere
946 1139 1077 1234 gothico
1094 1140 1280 1234 imprimitur

401 1259 460 1329 sub
487 1254 638 1329 colu'mnd
664 1255 789 1353 duplici.
817 1254 948 1351 Absque
972 1256 1108 1353 signat,
1133 1283 1220 1330 num.
1247 1278 1279 1330 et
1314 1283 1316 1288 ⁴

400 1374 546 1464 custod,
570 1396 603 1447 et
617 1394 742 1447 constat
766 1373 832 1475 158
851 1375 945 1447 foliis.
966 1376 1135 1471 Exemplar
1153 1377 1278 1471 elegans

387 1519 440 1566 ac
460 1494 654 1589 completum
674 1493 818 1567 editionis
838 1494 1022 1567 rarissime.⁴

356 1738 407 1812 14
437 1712 500 1795 M.
528 1713 581 1794 T.
610 1711 755 1795 Cicero
784 1709 834 1797 de
865 1708 1039 1822 officiis,
1067 1708 1118 1795 de
1141 1714 1277 1794 amici-

408 1841 489 1946 tie,
520 1842 569 1927 de
606 1869 807 1929 senectute
838 1869 878 1928 et
907 1842 1121 1958 paradoxa.
1158 1841 1278 1956 Impr.
1347 1887 1355 1902 ·

405 1976 573 2060 Parisiis
592 1978 631 2056 in
653 1977 718 2056 vie
735 1974 781 2058 S.
803 1974 837 2060 J
833 1976 938 2058 acobi
953 1978 1005 2058 od
1019 1977 1277 2089 intersignium

398 2104 515 2217 follis
540 2105 673 2185 viridis
701 2103 866 2215 (Petrus
894 2109 1050 2186 Caesoris
1076 2135 1113 2186 et
1135 2104 1278 2190 sonno.

370 2323 372 2326 ,
406 2234 541 2347 Stoll)
575 2233 710 2350 1477,
729 2268 852 2318 mense
869 2236 1058 2350 Augusto.
1077 2235 1220 2342 In-fob
1236 2268 1277 2323 v.

356 2488 403 2581 15
438 2468 534 2554 Vite
565 2463 864 2549 matrimoniabs
896 2463 1033 2582 regula
1064 2464 1194 2552 brevis
1230 2465 1280 2551 ed

318 2667 321 2671 -
409 2598 607 2688 Jacobum
629 2599 680 2685 de
705 2600 963 2711 Borgiannis
988 2602 1119 2700 In-40.

446 2813 483 2882 In
506 2812 567 2881 fine
589 2812 721 2907 legitur:
737 2812 841 2904 finis:
858 2816 1004 2909 gratias:
1027 2814 1128 2882 Deo:
1152 2833 1180 2879 er
1200 2812 1281 2879 Ma-

399 2934 461 3002 rie:
485 2955 618 3021 semper:
639 2932 775 3025 virgini:
791 2928 923 3021 perfeeto
950 2933 997 2999 die
1011 2919 1117 3000 'XVI
1138 2930 1280 2999 Ocnebris

370 3019 1047 3144 'n.cccouxxv11.oe0gmun.
1373 3027 1377 3034 ’

312 3205 328 3237 ’·
444 3183 584 3287 ‚Constat
610 3204 659 3273 40
688 3184 801 3271 foliis,
828 3185 947 3279 absque
970 3186 1107 3279 signat,
1133 3210 1221 3257 num.
1248 3202 1281 3257 et

402 3298 524 3372 custod.
551 3300 726 3399 Character
756 3301 882 3395 elegans
907 3320 953 3372 est
980 3300 1132 3372 rotundus
1158 3328 1195 3373 ac
1218 3303 1281 3372 mi-

401 3438 518 3510 nutus‚
541 3436 573 3487 et
594 3418 679 3519 hunc
701 3416 866 3487 Florentiae
888 3417 1041 3516 prodiisse
1064 3419 1247 3511 suspicarer.

449 3536 619 3628 Exemplar
650 3534 922 3629 elegantissimum.
964 3534 1164 3607 Describitur
1197 3534 1282 3632 apud
1405 3631 1407 3635 Α

403 3652 528 3743 Denis‚
545 3650 614 3748 ΝΟ,
640 3674 718 3746 509.
745 3654 869 3723 Auctor
893 3650 985 3741 hujus
1009 3672 1055 3724 est
1076 3653 1169 3725 frater
1188 3655 1281 3725 Che·

365 3862 369 3868 ·
405 3773 532 3845 robinus
556 3799 596 3846 ex
619 3773 751 3870 Spoleto
774 3771 889 3845 ordinis
914 3771 1103 3859 Minorum,
1122 3770 1284 3869 quidica·

1015 3886 1130 3960 Dan
