3742 5109
574 598 625 668 44
752 572 899 645 unns
921 571 989 644 ΑΒ
1013 569 1176 645 Anno
1205 572 1320 666 1460,

574 781 632 867 40
660 748 796 837 Sancti
822 746 968 834 Isidori
990 745 1226 861 hispalensis
1253 752 1502 866 episcopide
1556 851 1558 856 ,

632 880 941 1007 summobono.
969 879 1157 972 In-folio.

671 1072 877 1171 Terminatus
904 1072 950 1143 sic
975 1071 1055 1144 folio
1077 1092 1168 1145 recto
1181 1085 1199 1146 τ’
1217 1077 1253 1145 de
1276 1100 1399 1146 namma
1423 1078 1503 1147 bono

624 1194 736 1263 Isidori
754 1194 935 1285 hispalensis
953 1194 1080 1285 episcopi
1098 1195 1174 1263 liber
1182 1193 1262 1283 finis
1280 1191 1412 1284 feliciter
1429 1196 1503 1265 Nu·

625 1314 771 1408 teuberga.
1180 1328 1190 1343 '

674 1428 769 1501 Hanc
795 1428 1055 1525 subscriptionem
1088 1448 1261 1527 sequuntur
1290 1448 1352 1501 tres
1382 1429 1504 1527 paginae

623 1546 744 1624 indicis.
765 1548 892 1645 Paginae
911 1566 984 1620 sunt
1001 1572 1048 1643 37
1068 1548 1221 1621 linearum
1237 1549 1355 1646 absque
1371 1549 1504 1646 signat,

623 1691 713 1741 num.
737 1685 770 1746 et
793 1666 917 1739 custod.

672 1784 820 1857 Creditur
830 1805 935 1856 autem
949 1787 989 1857 ab
1001 1812 1087 1858 anno
1103 1811 1195 1882 1470
1205 1783 1357 1882 prodiisse
1372 1804 1429 1857 aut
1441 1782 1504 1858 im·-

625 1902 782 1999 psimente
798 1922 852 1974 aut
868 1906 978 1974 saltem
995 1906 1172 1999 corrigente
1184 1904 1359 1993 Rumelio,
1376 1905 1506 2001 impres·

508 2091 511 2098 ,
624 2046 698 2091 sore
710 2021 962 2095 Sensenschsnid.
979 2021 1154 2095 Character
1164 2021 1247 2093 idem
1260 2036 1306 2092 e'st
1317 2047 1385 2117 quo
1399 2048 1508 2093 conus·

623 2141 734 2262 torino
751 2139 911 2231 vitiorum,
921 2144 1000 2210 anni
1013 2165 1116 2235 1470.
1129 2143 1174 2213 V.
1186 2138 1313 2231 Dcnis,
1324 2139 1385 2246 ΝΟ)
1400 2160 1505 2239 5199.

574 2361 623 2436 4¹
660 2332 845 2422 Laudivii
882 2338 1027 2447 equitis
1065 2331 1411 2418 Hierosolimitani
1454 2332 1505 2419 ad

628 2466 870 2552 Francinurn
890 2463 1162 2552 Baltrandum.
1184 2468 1318 2578 In·4⁰.
1339 2494 1395 2549 mi
1411 2495 1448 2551 r.

669 2656 711 2724 In
723 2658 1507 2753 epistolcsmagniTurdziprensatiofcliciterincipit.¹

620 2773 663 2843 Et
685 2774 867 2844 terminatur
894 2799 976 2869 opus
1001 2800 1076 2846 cunt
1099 2775 1219 2851 duabus
1244 2776 1350 2849 litteris
1376 2794 1506 2864 amato-

621 2889 672 2960 riis
698 2889 811 2967 AEneae
829 2892 932 2992 Sylvii
950 2892 991 2967 ad
1009 2892 1242 2993 Sigismundum
1267 2892 1399 2969 Ducem
1421 2893 1513 2965 Ans«.

622 3009 712 3097 triae,
729 3037 800 3106 quae
823 3011 880 3081 tria
900 3011 976 3080 folia
997 3031 1179 3105 occupant3
1203 3037 1340 3108 quorum
1359 3012 1505 3084 ultimum

620 3152 695 3199 cum
723 3150 763 3229 15
786 3128 873 3199 lineis
896 3131 1089 3202 terminatur.
1114 3130 1251 3200 Constat
1277 3155 1317 3199 ex
1342 3152 1385 3227 23
1408 3130 1504 3224 foliis.

621 3244 794 3319 Chatacter
811 3248 949 3318 minutus
971 3266 1065 3318 estet
1084 3247 1163 3318 vere
1182 3248 1367 3343 singularis,
1390 3248 1504 3345 parim

619 3365 737 3439 distans
757 3368 857 3438 abeo
876 3392 942 3463 quo
961 3368 1067 3463 Fyner
1085 3368 1222 3461 Eslingae
1242 3366 1416 3454 utebatu13
1440 3392 1504 3438 un-

622 3482 665 3554 de
687 3506 796 3580 posset
811 3484 906 3559 editio
923 3486 993 3560 haec
1010 3484 1050 3557 ad
1066 3510 1184 3580 annunt
1199 3484 1320 3563 circiter
1339 3508 1434 3581 1470
1451 3510 1506 3557 re-

624 3601 708 3676 ferri.

409 3806 413 3815 ’
571 3824 627 3910 42
657 3796 943 3912 L’Apocalisse
955 3800 1010 3884 Di
1024 3800 1063 3885 8.
1077 3803 1202 3889 Giov.
1218 3828 1299 3888 con
1313 3796 1351 3884 le
1367 3794 1505 3918 glosse
