3742 5109
535 650 606 741 164
687 645 846 721 LIBRI
877 646 948 719 AB
979 646 1151 721 ANNO
1187 673 1303 746 1470,

630 806 754 877 Verum
778 804 906 904 quidem
935 824 983 878 est
1011 804 1186 879 editionem
1214 809 1299 880 hanc
1332 826 1381 880 tot
1408 827 1468 905 pa·¹
1549 838 1567 868 ⁴

530 1010 532 1013 v
577 924 666 1020 ginas
704 944 815 1021 totque
860 926 960 997 lineas
1013 927 1178 998 continere
1222 953 1259 999 ac
1301 925 1340 997 eb
1383 928 1469 1001 Petri

578 1042 774 1140 Schoyffer,
796 1044 870 1113 anni
892 1042 1011 1139 14p8,
1030 1045 1073 1116 ita
1089 1064 1124 1117 ut
1146 1070 1210 1118 una
1231 1046 1323 1117 fuerit
1342 1045 1468 1119 alterius

542 1206 545 1215 ·
578 1163 786 1258 apographa,
804 1161 860 1233 sed
877 1164 997 1234 attente
1014 1165 1131 1260 legenti
1154 1165 1273 1261 patebit
1295 1165 1468 1261 quamlibet

578 1282 728 1378 paginam
765 1281 915 1353 exhibere
947 1283 1201 1355 abbreviationes
1236 1282 1402 1373 diversas,
1431 1303 1468 1358 ut

503 1481 507 1487 ,
576 1419 664 1496 patet
679 1402 711 1471 in
732 1400 899 1496 postremis
916 1377 1022 1473 irerbis
1040 1400 1133 1497 suprb
1148 1402 1278 1487 relatis;
1302 1427 1362 1474 nec
1387 1428 1467 1499 ergo
1520 1382 1526 1394 ⁹

575 1519 683 1591 debuit
711 1545 773 1592 nec
806 1521 911 1616 potuit
940 1520 1052 1592 Abbas
1083 1520 1168 1591 Rive
1196 1520 1320 1591 auferre
1352 1520 1466 1593 folium

574 1639 834 1735 subscriptionis,
851 1638 923 1735 (uti
943 1637 1121 1736 gloriatur)
1143 1637 1183 1709 ad
1200 1638 1414 1711 inducendum
1431 1640 1466 1712 itt

573 1782 728 1830 errorem.
748 1759 828 1831 Non
846 1758 978 1848 debuit,
996 1758 1070 1855 quia
1093 1757 1230 1830 dedecet
1256 1758 1361 1830 virum
1383 1785 1464 1854 pro·

495 1928 500 1941 ·
573 1879 650 1949 bum
674 1903 785 1972 parate
808 1876 931 1947 insidias
949 1878 1065 1973 alteri,
1082 1896 1392 1973 monumentumque
1412 1877 1464 1948 lit-

572 1995 722 2067 terarium
739 1996 893 2092 spoliate,
906 2020 968 2067 nec
984 1996 1080 2067 etiarn
1100 1996 1225 2093 potuit,
1268 1996 1320 2068 uia
1340 1994 1463 2066 auferte

451 2152 462 2173 ε
571 2139 640 2185 non
660 2133 786 2211 poterat
807 2114 920 2187 folium
945 2113 1034 2212 quod
1062 2140 1227 2211 nunquam
1251 2114 1361 2185 extitit.
1383 2112 1464 2185 Tria

571 2233 650 2304 mihi
678 2222 766 2307 fuere
794 2233 835 2306 ad
864 2260 997 2307 manum
1026 2234 1219 2330 exemplaria
1245 2234 1278 2303 in
1312 2233 1460 2305 omnibus
1526 2239 1527 2243 ’

530 2346 534 2352 ’
571 2352 713 2447 perfecte
735 2353 868 2442 similia,
887 2354 920 2424 in
944 2354 1056 2449 quibus
1080 2354 1165 2425 nulla
1188 2351 1310 2449 penitbs
1335 2351 1463 2428 extabat

571 2471 782 2566 subscriptio,
799 2471 890 2568 quod
905 2473 1034 2543 solitum
1051 2491 1120 2544 erar
1135 2497 1173 2543 ac
1192 2469 1343 2542 familiare
1361 2470 1463 2539 Man·

572 2588 660 2659 telio.
678 2588 818 2661 Aliunde
832 2579 981 2684 capitales
1000 2615 1112 2660 omnes
1131 2609 1202 2660 toto
1214 2589 1295 2659 caelo
1313 2588 1461 2659 differunt
1514 2667 1517 2675 ¹

575 2708 617 2779 ab
634 2706 691 2776 illis
703 2706 787 2778 Petri
798 2707 1001 2806 Scboyffeti;
1019 2708 1098 2779 sicut
1114 2707 1174 2777 illae
1193 2710 1317 2803 Virgilii
1330 2708 1361 2779 la
1377 2705 1460 2776 Val-

575 2822 653 2894 liere
674 2825 714 2894 ab
734 2824 797 2895 istis
813 2824 1015 2921 discrepant,
1035 2845 1067 2896 et
1081 2824 1161 2896 vetd
1177 2822 1273 2896 iidem
1291 2820 1364 2896 sunt
1385 2822 1461 2895 cha-

573 2961 710 3014 racteres
727 2944 840 3039 quibus
863 2969 936 3014 usus
960 2964 1008 3015 est
1024 2944 1194 3015 Mant'elius
1220 2969 1280 3037 pro
1308 2943 1395 3012 libro¹
1415 2960 1459 3010 lv

505 3050 514 3061 ⁸
531 3145 534 3152 Ι
570 3064 607 3131 de
629 3060 769 3131 doctrine
792 3062 908 3131 xtianci
924 3064 986 3135 Sti.
1003 3064 1185 3160 Augustini.
1202 3055 1287 3132 Cinir
1299 3060 1391 3156 igitur
1407 3058 1462 3130 bic

571 3178 811 3277 Typographus
833 3206 853 3251 e
871 3180 953 3251 vivis
971 3199 1096 3276 ereptus
1112 3179 1228 3265 fuerit,
1246 3196 1319 3249 ante
1337 3202 1460 3247 aunum
1487 3173 1490 3180 ’

575 3298 695 3395 1478,
717 3300 865 3372 concludi
886 3318 996 3396 posset
1013 3298 1186 3370 editionem
1209 3298 1292 3368 banc
1318 3320 1467 3390 praeces·⁴
1542 3336 1544 3342 ·

571 3419 646 3489 sisse
663 3440 809 3514 tempore
836 3418 921 3488 illam
941 3417 1154 3515 Scboyfferi,
1177 3415 1236 3485 nisi
1263 3430 1460 3508 supponatur

570 3535 785 3607 Mantelianos
795 3537 992 3607 characteres
1001 3537 1034 3604 in
1043 3537 1155 3607 alteras
1168 3533 1316 3629 migrasse
1327 3555 1459 3617 manus;

570 3653 627 3723 sed
644 3652 771 3724 adeatur
780 3650 918 3743 braun,
936 3659 1001 3722 loco
1022 3650 1117 3743 suprd
1139 3654 1253 3740 citato,
1269 3649 1324 3721 ubi
1346 3648 1459 3743 legitur

571 3791 677 3840 extare
703 3774 864 3865 exemplar
889 3796 989 3841 unum
1011 3768 1095 3864 apud
1115 3767 1299 3862 Capucinos
1326 3765 1458 3859 Augus-

569 3906 699 3983 tenses,
722 3889 755 3961 in
779 3914 846 3987 quo
874 3913 986 3963 manus
1011 3912 1125 3963 coaeva
1147 3886 1319 3959 miniatotis
1343 3880 1460 3976 adjecit
