<?xml version="1.0" encoding="UTF-8"?>
<!DOCTYPE html PUBLIC "-//W3C//DTD XHTML 1.0 Transitional//EN"
    "http://www.w3.org/TR/xhtml1/DTD/xhtml1-transitional.dtd">
<html xmlns="http://www.w3.org/1999/xhtml" xml:lang="en" lang="en">
 <head>
  <title>
</title>
<meta http-equiv="Content-Type" content="text/html;charset=utf-8" />
  <meta name='ocr-system' content='tesseract 3.04.00' />
  <meta name='ocr-capabilities' content='ocr_page ocr_carea ocr_par ocr_line ocrx_word'/>
</head>
<body>
  <div class='ocr_page' id='page_1' title='image "./indexlibrorumab03lairgoog_0370.png"; bbox 0 0 3742 5109; ppageno 0'>
   <div class='ocr_carea' id='block_1_1' title="bbox 520 574 1459 841">
    <p class='ocr_par' dir='ltr' id='par_1_1' title="bbox 520 574 1459 841">
     <span class='ocr_line' id='line_1_1' title="bbox 520 574 1176 677; baseline 0.006 -34"><span class='ocrx_word' id='word_1_1' title='bbox 520 577 590 677; x_wconf 84' lang='lat'>368</span> <span class='ocrx_word' id='word_1_2' title='bbox 788 574 852 644; x_wconf 89' lang='lat' dir='ltr'>LI</span> <span class='ocrx_word' id='word_1_3' title='bbox 877 576 902 645; x_wconf 94' lang='lat' dir='ltr'>B</span> <span class='ocrx_word' id='word_1_4' title='bbox 928 576 959 644; x_wconf 92' lang='lat' dir='ltr'>R</span> <span class='ocrx_word' id='word_1_5' title='bbox 983 577 997 644; x_wconf 93' lang='grc' dir='ltr'>Ι</span> <span class='ocrx_word' id='word_1_6' title='bbox 1045 576 1067 646; x_wconf 87' lang='lat' dir='ltr'>S</span> <span class='ocrx_word' id='word_1_7' title='bbox 1092 576 1126 647; x_wconf 92' lang='lat' dir='ltr'><strong>U</strong></span> <span class='ocrx_word' id='word_1_8' title='bbox 1150 576 1176 646; x_wconf 90' lang='lat' dir='ltr'>B</span> 
     </span>
     <span class='ocr_line' id='line_1_2' title="bbox 574 727 1459 841; baseline 0 -22"><span class='ocrx_word' id='word_1_9' title='bbox 574 736 881 819; x_wconf 85' lang='lat' dir='ltr'>Commentariis</span> <span class='ocrx_word' id='word_1_10' title='bbox 896 732 1066 813; x_wconf 86' lang='lat' dir='ltr'>Domitii</span> <span class='ocrx_word' id='word_1_11' title='bbox 1079 727 1300 841; x_wconf 84' lang='lat' dir='ltr'>Calderini.</span> <span class='ocrx_word' id='word_1_12' title='bbox 1315 730 1459 819; x_wconf 81' lang='lat' dir='ltr'>InfoL</span> 
     </span>
    </p>
   </div>
   <div class='ocr_carea' id='block_1_2' title="bbox 475 918 1510 1464">
    <p class='ocr_par' dir='ltr' id='par_1_2' title="bbox 475 909 1510 1464">
     <span class='ocr_line' id='line_1_3' title="bbox 614 918 1458 1017; baseline 0.001 -24"><span class='ocrx_word' id='word_1_13' title='bbox 614 918 652 993; x_wconf 86' lang='lat' dir='ltr'>ln</span> <span class='ocrx_word' id='word_1_14' title='bbox 671 924 733 993; x_wconf 89' lang='lat' dir='ltr'>fine</span> <span class='ocrx_word' id='word_1_15' title='bbox 757 923 888 1017; x_wconf 81' lang='lat' dir='ltr'>legitur:</span> <span class='ocrx_word' id='word_1_16' title='bbox 912 924 1049 1011; x_wconf 82' lang='lat' dir='ltr'><em>impressi</em></span> <span class='ocrx_word' id='word_1_17' title='bbox 1070 924 1203 991; x_wconf 81' lang='lat' dir='ltr'>theu‘is</span> <span class='ocrx_word' id='word_1_18' title='bbox 1224 925 1458 1017; x_wconf 76' lang='lat' dir='ltr'><em>diligentissime</em></span> 
     </span>
     <span class='ocr_line' id='line_1_4' title="bbox 475 1022 1458 1135; baseline -0.003 -22"><span class='ocrx_word' id='word_1_19' title='bbox 475 1022 479 1026; x_wconf 93' lang='lat'>.</span> <span class='ocrx_word' id='word_1_20' title='bbox 566 1066 630 1113; x_wconf 81' lang='lat' dir='ltr'>orte</span> <span class='ocrx_word' id='word_1_21' title='bbox 651 1064 678 1110; x_wconf 88' lang='lat' dir='ltr'>et</span> <span class='ocrx_word' id='word_1_22' title='bbox 701 1044 822 1135; x_wconf 78' lang='lat' dir='ltr'>ingenio</span> <span class='ocrx_word' id='word_1_23' title='bbox 848 1037 956 1111; x_wconf 80' lang='lat' dir='ltr'>Jacobi</span> <span class='ocrx_word' id='word_1_24' title='bbox 983 1042 1018 1107; x_wconf 82' lang='lat' dir='ltr'>de</span> <span class='ocrx_word' id='word_1_25' title='bbox 1042 1042 1156 1107; x_wconf 83' lang='lat' dir='ltr'>thbeis</span> <span class='ocrx_word' id='word_1_26' title='bbox 1189 1044 1313 1108; x_wconf 83' lang='lat' dir='ltr'>natione</span> <span class='ocrx_word' id='word_1_27' title='bbox 1337 1037 1458 1111; x_wconf 69' lang='lat' dir='ltr'>Gellio·</span> 
     </span>
     <span class='ocr_line' id='line_1_5' title="bbox 571 1156 1510 1233; baseline 0 -6"><span class='ocrx_word' id='word_1_28' title='bbox 571 1176 673 1233; x_wconf 81' lang='lat' dir='ltr'><em>VIII</em></span> <span class='ocrx_word' id='word_1_29' title='bbox 704 1159 783 1228; x_wconf 83' lang='lat' dir='ltr'><em>Kal.</em></span> <span class='ocrx_word' id='word_1_30' title='bbox 816 1158 925 1225; x_wconf 84' lang='lat' dir='ltr'><em>Maias</em></span> <span class='ocrx_word' id='word_1_31' title='bbox 959 1182 1045 1223; x_wconf 80' lang='lat' dir='ltr'>anno</span> <span class='ocrx_word' id='word_1_32' title='bbox 1080 1157 1267 1227; x_wconf 75' lang='lat' dir='ltr'>Christi&#39;M.</span> <span class='ocrx_word' id='word_1_33' title='bbox 1294 1156 1456 1231; x_wconf 86' lang='lat' dir='ltr'><strong>CCCC.</strong></span> <span class='ocrx_word' id='word_1_34' title='bbox 1508 1167 1510 1171; x_wconf 76' lang='grc'><strong>’</strong></span> 
     </span>
     <span class='ocr_line' id='line_1_6' title="bbox 512 1276 1456 1368; baseline -0.004 -21"><span class='ocrx_word' id='word_1_35' title='bbox 512 1363 518 1368; x_wconf 22' lang='grc'>1</span> <span class='ocrx_word' id='word_1_36' title='bbox 570 1277 717 1348; x_wconf 88' lang='lat' dir='ltr'>LXXV.</span> <span class='ocrx_word' id='word_1_37' title='bbox 740 1276 944 1348; x_wconf 81' lang='lat' dir='ltr'>Invictr&#39;ssimo</span> <span class='ocrx_word' id='word_1_38' title='bbox 966 1296 994 1343; x_wconf 86' lang='lat' dir='ltr'>et</span> <span class='ocrx_word' id='word_1_39' title='bbox 1014 1276 1134 1365; x_wconf 84' lang='lat' dir='ltr'>Inelyro</span> <span class='ocrx_word' id='word_1_40' title='bbox 1161 1277 1231 1343; x_wconf 82' lang='lat' dir='ltr'>duee</span> <span class='ocrx_word' id='word_1_41' title='bbox 1253 1276 1345 1343; x_wconf 81' lang='lat' dir='ltr'>Petro</span> <span class='ocrx_word' id='word_1_42' title='bbox 1373 1276 1456 1342; x_wconf 90' lang='lat' dir='ltr'>Mo-</span> 
     </span>
     <span class='ocr_line' id='line_1_7' title="bbox 569 1419 679 1464; baseline 0.009 -1"><span class='ocrx_word' id='word_1_43' title='bbox 569 1419 679 1464; x_wconf 81' lang='lat' dir='ltr'>eentco.</span> 
     </span>
    </p>
   </div>
   <div class='ocr_carea' id='block_1_3' title="bbox 453 1505 1571 2547">
    <p class='ocr_par' dir='ltr' id='par_1_3' title="bbox 519 1505 1455 1864">
     <span class='ocr_line' id='line_1_8' title="bbox 519 1505 1453 1615; baseline 0.003 -13"><span class='ocrx_word' id='word_1_44' title='bbox 519 1514 522 1518; x_wconf 68' lang='lat'>‚</span> <span class='ocrx_word' id='word_1_45' title='bbox 616 1525 756 1605; x_wconf 81' lang='lat' dir='ltr'>Textum</span> <span class='ocrx_word' id='word_1_46' title='bbox 789 1528 947 1604; x_wconf 80' lang='lat' dir='ltr'>Iuvenalis</span> <span class='ocrx_word' id='word_1_47' title='bbox 983 1533 1172 1603; x_wconf 83' lang='lat' dir='ltr'>comitantur</span> <span class='ocrx_word' id='word_1_48' title='bbox 1207 1505 1453 1615; x_wconf 71' lang='lat' dir='ltr'>Commentario</span> 
     </span>
     <span class='ocr_line' id='line_1_9' title="bbox 568 1649 1455 1746; baseline 0.002 -25"><span class='ocrx_word' id='word_1_49' title='bbox 568 1649 748 1739; x_wconf 69' lang='lat' dir='ltr'>calderim,</span> <span class='ocrx_word' id='word_1_50' title='bbox 767 1670 798 1721; x_wconf 89' lang='lat' dir='ltr'>et</span> <span class='ocrx_word' id='word_1_51' title='bbox 815 1650 895 1719; x_wconf 86' lang='lat' dir='ltr'>infra</span> <span class='ocrx_word' id='word_1_52' title='bbox 911 1649 1172 1745; x_wconf 84' lang='lat' dir='ltr'>subscriptionem</span> <span class='ocrx_word' id='word_1_53' title='bbox 1189 1651 1318 1723; x_wconf 69' lang='lat' dir='ltr'>relatam</span> <span class='ocrx_word' id='word_1_54' title='bbox 1337 1652 1455 1746; x_wconf 86' lang='lat' dir='ltr'>legitur</span> 
     </span>
     <span class='ocr_line' id='line_1_10' title="bbox 568 1766 1454 1864; baseline -0.001 -26"><span class='ocrx_word' id='word_1_55' title='bbox 568 1766 658 1864; x_wconf 77' lang='lat' dir='ltr'>quod</span> <span class='ocrx_word' id='word_1_56' title='bbox 678 1769 720 1838; x_wconf 82' lang='lat' dir='ltr'>itti</span> <span class='ocrx_word' id='word_1_57' title='bbox 743 1768 973 1838; x_wconf 86' lang='lat' dir='ltr'>Commentarii</span> <span class='ocrx_word' id='word_1_58' title='bbox 995 1771 1064 1835; x_wconf 83' lang='lat' dir='ltr'>editi</span> <span class='ocrx_word' id='word_1_59' title='bbox 1084 1770 1150 1836; x_wconf 80' lang='lat' dir='ltr'>sine</span> <span class='ocrx_word' id='word_1_60' title='bbox 1169 1770 1299 1859; x_wconf 76' lang='lat' dir='ltr'>Rome,</span> <span class='ocrx_word' id='word_1_61' title='bbox 1319 1793 1390 1837; x_wconf 82' lang='lat' dir='ltr'>cum</span> <span class='ocrx_word' id='word_1_62' title='bbox 1409 1773 1454 1838; x_wconf 84' lang='lat' dir='ltr'>ibi</span> 
     </span>
    </p>

    <p class='ocr_par' dir='ltr' id='par_1_4' title="bbox 453 1888 1454 1988">
     <span class='ocr_line' id='line_1_11' title="bbox 453 1888 1454 1988; baseline 0.007 -38"><span class='ocrx_word' id='word_1_63' title='bbox 453 1942 457 1950; x_wconf 96' lang='lat'>.</span> <span class='ocrx_word' id='word_1_64' title='bbox 537 1903 540 1908; x_wconf 89' lang='grc'><strong><em>·</em></strong></span> <span class='ocrx_word' id='word_1_65' title='bbox 563 1890 680 1978; x_wconf 86' lang='lat' dir='ltr'>publice</span> <span class='ocrx_word' id='word_1_66' title='bbox 702 1888 891 1986; x_wconf 78' lang='lat' dir='ltr'>profiteretur</span> <span class='ocrx_word' id='word_1_67' title='bbox 913 1888 961 1956; x_wconf 90' lang='lat' dir='ltr'>K.</span> <span class='ocrx_word' id='word_1_68' title='bbox 991 1889 1168 1988; x_wconf 64' lang='lat' dir='ltr'>Septembris</span> <span class='ocrx_word' id='word_1_69' title='bbox 1203 1911 1304 1980; x_wconf 78' lang='lat'>1474.</span> <span class='ocrx_word' id='word_1_70' title='bbox 1332 1888 1374 1955; x_wconf 87' lang='lat' dir='ltr'>Et</span> <span class='ocrx_word' id='word_1_71' title='bbox 1398 1888 1454 1957; x_wconf 88' lang='lat' dir='ltr'>fo·</span> 
     </span>
    </p>

    <p class='ocr_par' dir='ltr' id='par_1_5' title="bbox 567 1987 1463 2100">
     <span class='ocr_line' id='line_1_12' title="bbox 567 1987 1463 2100; baseline 0.001 -27"><span class='ocrx_word' id='word_1_72' title='bbox 567 2003 609 2073; x_wconf 79' lang='lat' dir='ltr'>lia</span> <span class='ocrx_word' id='word_1_73' title='bbox 637 2005 748 2075; x_wconf 86' lang='lat' dir='ltr'>decem</span> <span class='ocrx_word' id='word_1_74' title='bbox 781 2024 984 2100; x_wconf 86' lang='lat' dir='ltr'>sequuntur,</span> <span class='ocrx_word' id='word_1_75' title='bbox 1018 2030 1088 2099; x_wconf 84' lang='lat' dir='ltr'>quae</span> <span class='ocrx_word' id='word_1_76' title='bbox 1111 2004 1278 2074; x_wconf 48' lang='lat' dir='ltr'>*Calderini</span> <span class='ocrx_word' id='word_1_77' title='bbox 1308 1987 1463 2076; x_wconf 22' lang='lat' dir='ltr'>rectiori-¹</span> 
     </span>
    </p>

    <p class='ocr_par' dir='ltr' id='par_1_6' title="bbox 511 2103 1571 2547">
     <span class='ocr_line' id='line_1_13' title="bbox 511 2103 1453 2217; baseline 0.001 -25"><span class='ocrx_word' id='word_1_78' title='bbox 511 2167 515 2207; x_wconf 71' lang='lat'><em>5</em></span> <span class='ocrx_word' id='word_1_79' title='bbox 566 2122 712 2192; x_wconf 85' lang='lat' dir='ltr'>nationes</span> <span class='ocrx_word' id='word_1_80' title='bbox 741 2141 851 2212; x_wconf 87' lang='lat' dir='ltr'>contra</span> <span class='ocrx_word' id='word_1_81' title='bbox 883 2122 1067 2192; x_wconf 86' lang='lat' dir='ltr'>Brothaeum</span> <span class='ocrx_word' id='word_1_82' title='bbox 1098 2122 1270 2211; x_wconf 84' lang='lat' dir='ltr'>exhibent,</span> <span class='ocrx_word' id='word_1_83' title='bbox 1301 2123 1334 2191; x_wconf 92' lang='lat' dir='ltr'>in</span> <span class='ocrx_word' id='word_1_84' title='bbox 1363 2103 1453 2217; x_wconf 87' lang='lat' dir='ltr'>quo-</span> 
     </span>
     <span class='ocr_line' id='line_1_14' title="bbox 566 2237 1571 2337; baseline 0 -29"><span class='ocrx_word' id='word_1_85' title='bbox 566 2265 638 2309; x_wconf 90' lang='lat' dir='ltr'>rum</span> <span class='ocrx_word' id='word_1_86' title='bbox 664 2240 727 2309; x_wconf 87' lang='lat' dir='ltr'>fine</span> <span class='ocrx_word' id='word_1_87' title='bbox 755 2241 870 2337; x_wconf 86' lang='lat' dir='ltr'>legitur</span> <span class='ocrx_word' id='word_1_88' title='bbox 896 2241 990 2311; x_wconf 82' lang='lat' dir='ltr'>etiam</span> <span class='ocrx_word' id='word_1_89' title='bbox 1017 2237 1104 2335; x_wconf 82' lang='lat' dir='ltr'>qubd</span> <span class='ocrx_word' id='word_1_90' title='bbox 1137 2238 1250 2327; x_wconf 82' lang='lat' dir='ltr'>fuerint</span> <span class='ocrx_word' id='word_1_91' title='bbox 1280 2238 1452 2310; x_wconf 87' lang='lat' dir='ltr'>editi&#39;Ro-</span> <span class='ocrx_word' id='word_1_92' title='bbox 1554 2255 1571 2291; x_wconf 66' lang='lat' dir='ltr'><em>a</em></span> 
     </span>
     <span class='ocr_line' id='line_1_15' title="bbox 566 2355 1471 2451; baseline 0.002 -26"><span class='ocrx_word' id='word_1_93' title='bbox 566 2383 623 2425; x_wconf 81' lang='lat' dir='ltr'>mee</span> <span class='ocrx_word' id='word_1_94' title='bbox 645 2358 692 2429; x_wconf 87' lang='lat' dir='ltr'>K.</span> <span class='ocrx_word' id='word_1_95' title='bbox 719 2360 897 2447; x_wconf 71' lang='lat' dir='ltr'>Sqreembrrs</span> <span class='ocrx_word' id='word_1_96' title='bbox 933 2380 1037 2451; x_wconf 78' lang='lat'>1474.</span> <span class='ocrx_word' id='word_1_97' title='bbox 1065 2355 1162 2429; x_wconf 82' lang='lat' dir='ltr'>Caret</span> <span class='ocrx_word' id='word_1_98' title='bbox 1189 2357 1298 2451; x_wconf 82' lang='lat' dir='ltr'>signat.</span> <span class='ocrx_word' id='word_1_99' title='bbox 1321 2409 1334 2445; x_wconf 92' lang='lat'>,</span> <span class='ocrx_word' id='word_1_100' title='bbox 1356 2382 1471 2430; x_wconf 51' lang='lat' dir='ltr'>num.¹</span> 
     </span>
     <span class='ocr_line' id='line_1_16' title="bbox 566 2474 812 2547; baseline 0.012 -3"><span class='ocrx_word' id='word_1_101' title='bbox 566 2484 602 2544; x_wconf 85' lang='lat' dir='ltr'>et¹</span> <span class='ocrx_word' id='word_1_102' title='bbox 622 2474 812 2547; x_wconf 84' lang='lat' dir='ltr'>custodibus.</span> 
     </span>
    </p>
   </div>
   <div class='ocr_carea' id='block_1_4' title="bbox 448 2617 1537 3026">
    <p class='ocr_par' dir='ltr' id='par_1_7' title="bbox 448 2617 1537 3026">
     <span class='ocr_line' id='line_1_17' title="bbox 448 2617 1451 2787; baseline -0.008 -22"><span class='ocrx_word' id='word_1_103' title='bbox 448 2658 468 2737; x_wconf 77' lang='lat'>.&#39;</span> <span class='ocrx_word' id='word_1_104' title='bbox 520 2702 568 2784; x_wconf 87' lang='lat'>31</span> <span class='ocrx_word' id='word_1_105' title='bbox 594 2671 783 2787; x_wconf 86' lang='lat' dir='ltr'>Legende</span> <span class='ocrx_word' id='word_1_106' title='bbox 800 2669 850 2757; x_wconf 93' lang='lat' dir='ltr'>de</span> <span class='ocrx_word' id='word_1_107' title='bbox 869 2672 985 2757; x_wconf 87' lang='lat' dir='ltr'>Tutti</span> <span class='ocrx_word' id='word_1_108' title='bbox 1004 2670 1033 2754; x_wconf 88' lang='lat' dir='ltr'>li</span> <span class='ocrx_word' id='word_1_109' title='bbox 1051 2617 1188 2758; x_wconf 82' lang='lat' dir='ltr'>Sancti</span> <span class='ocrx_word' id='word_1_110' title='bbox 1207 2644 1283 2758; x_wconf 86' lang='lat' dir='ltr'>ele</span> <span class='ocrx_word' id='word_1_111' title='bbox 1300 2675 1451 2758; x_wconf 85' lang='lat' dir='ltr'>Sancte</span> 
     </span>
     <span class='ocr_line' id='line_1_18' title="bbox 574 2803 1537 2935; baseline -0.008 -50"><span class='ocrx_word' id='word_1_112' title='bbox 574 2803 693 2887; x_wconf 74' lang='lat' dir='ltr'>Delia</span> <span class='ocrx_word' id='word_1_113' title='bbox 719 2806 909 2887; x_wconf 73' lang='lat' dir='ltr'>⁴Romana</span> <span class='ocrx_word' id='word_1_114' title='bbox 939 2804 1046 2889; x_wconf 74' lang='lat' dir='ltr'>sedin</span> <span class='ocrx_word' id='word_1_115' title='bbox 1077 2811 1270 2917; x_wconf 85' lang='lat' dir='ltr'>acceptati</span> <span class='ocrx_word' id='word_1_116' title='bbox 1296 2832 1336 2887; x_wconf 89' lang='lat' dir='ltr'>et</span> <span class='ocrx_word' id='word_1_117' title='bbox 1364 2807 1497 2935; x_wconf 43' lang='lat' dir='ltr'>hoq·</span> <span class='ocrx_word' id='word_1_118' title='bbox 1533 2921 1537 2929; x_wconf 87' lang='lat'><em>.</em></span> 
     </span>
     <span class='ocr_line' id='line_1_19' title="bbox 573 2934 888 3026; baseline -0.022 -7"><span class='ocrx_word' id='word_1_119' title='bbox 573 2934 721 3026; x_wconf 80' lang='lat' dir='ltr'>norati.</span> <span class='ocrx_word' id='word_1_120' title='bbox 748 2934 888 3019; x_wconf 88' lang='lat' dir='ltr'>In-fol.</span> 
     </span>
    </p>
   </div>
   <div class='ocr_carea' id='block_1_5' title="bbox 465 3100 1552 4052">
    <p class='ocr_par' dir='ltr' id='par_1_8' title="bbox 465 3100 1552 4052">
     <span class='ocr_line' id='line_1_20' title="bbox 611 3100 1494 3224; baseline 0.003 -28"><span class='ocrx_word' id='word_1_121' title='bbox 611 3128 648 3197; x_wconf 93' lang='lat' dir='ltr'>In</span> <span class='ocrx_word' id='word_1_122' title='bbox 675 3128 738 3197; x_wconf 88' lang='lat' dir='ltr'>fine</span> <span class='ocrx_word' id='word_1_123' title='bbox 765 3129 908 3223; x_wconf 85' lang='lat' dir='ltr'>legitur:</span> <span class='ocrx_word' id='word_1_124' title='bbox 942 3130 1081 3224; x_wconf 83' lang='lat' dir='ltr'>impresse</span> <span class='ocrx_word' id='word_1_125' title='bbox 1097 3159 1158 3224; x_wconf 81' lang='lat' dir='ltr'>per</span> <span class='ocrx_word' id='word_1_126' title='bbox 1186 3131 1307 3201; x_wconf 71' lang='lat' dir='ltr'>Museo</span> <span class='ocrx_word' id='word_1_127' title='bbox 1340 3128 1447 3199; x_wconf 85' lang='lat' dir='ltr'>Nico·</span> <span class='ocrx_word' id='word_1_128' title='bbox 1487 3100 1494 3115; x_wconf 31' lang='grc' dir='ltr'>ι</span> 
     </span>
     <span class='ocr_line' id='line_1_21' title="bbox 564 3249 1552 3345; baseline 0.001 -29"><span class='ocrx_word' id='word_1_129' title='bbox 564 3253 603 3345; x_wconf 86' lang='lat' dir='ltr'>lo.</span> <span class='ocrx_word' id='word_1_130' title='bbox 623 3249 742 3318; x_wconf 80' lang='lat' dir='ltr'>Jerrson</span> <span class='ocrx_word' id='word_1_131' title='bbox 767 3250 921 3345; x_wconf 54' lang='lat' dir='ltr'>Franzose</span> <span class='ocrx_word' id='word_1_132' title='bbox 950 3275 1090 3345; x_wconf 80' lang='lat' dir='ltr'>regnante</span> <span class='ocrx_word' id='word_1_133' title='bbox 1111 3253 1204 3318; x_wconf 85' lang='lat' dir='ltr'>Sixto</span> <span class='ocrx_word' id='word_1_134' title='bbox 1230 3258 1337 3340; x_wconf 75' lang='lat' dir='ltr'>quarto</span> <span class='ocrx_word' id='word_1_135' title='bbox 1357 3274 1447 3338; x_wconf 84' lang='lat' dir='ltr'>pon·</span> <span class='ocrx_word' id='word_1_136' title='bbox 1549 3324 1552 3332; x_wconf 53' lang='grc'><em>,</em></span> 
     </span>
     <span class='ocr_line' id='line_1_22' title="bbox 494 3366 1446 3465; baseline 0.001 -31"><span class='ocrx_word' id='word_1_137' title='bbox 494 3383 497 3389; x_wconf 86' lang='grc'><strong>“</strong></span> <span class='ocrx_word' id='word_1_138' title='bbox 564 3366 639 3452; x_wconf 75' lang='lat' dir='ltr'>tifice</span> <span class='ocrx_word' id='word_1_139' title='bbox 662 3368 802 3433; x_wconf 85' lang='lat' dir='ltr'>maximo</span> <span class='ocrx_word' id='word_1_140' title='bbox 819 3390 848 3435; x_wconf 84' lang='lat' dir='ltr'>ee</span> <span class='ocrx_word' id='word_1_141' title='bbox 860 3369 964 3463; x_wconf 84' lang='lat' dir='ltr'>Pietro</span> <span class='ocrx_word' id='word_1_142' title='bbox 991 3370 1153 3465; x_wconf 53' lang='lat' dir='ltr'>Motenigo</span> <span class='ocrx_word' id='word_1_143' title='bbox 1173 3371 1287 3459; x_wconf 78' lang='lat' dir='ltr'>inclyto</span> <span class='ocrx_word' id='word_1_144' title='bbox 1303 3369 1376 3434; x_wconf 84' lang='lat' dir='ltr'>duee</span> <span class='ocrx_word' id='word_1_145' title='bbox 1408 3370 1446 3435; x_wconf 86' lang='lat' dir='ltr'>de</span> 
     </span>
     <span class='ocr_line' id='line_1_23' title="bbox 565 3482 1446 3558; baseline 0.002 -6"><span class='ocrx_word' id='word_1_146' title='bbox 565 3486 704 3554; x_wconf 83' lang='lat' dir='ltr'>Venetia.</span> <span class='ocrx_word' id='word_1_147' title='bbox 721 3482 771 3553; x_wconf 84' lang='lat' dir='ltr'>Sic</span> <span class='ocrx_word' id='word_1_148' title='bbox 800 3486 983 3554; x_wconf 85' lang='lat' dir='ltr'>terminatur</span> <span class='ocrx_word' id='word_1_149' title='bbox 999 3490 1152 3558; x_wconf 87' lang='lat' dir='ltr'>volumen</span> <span class='ocrx_word' id='word_1_150' title='bbox 1165 3486 1231 3554; x_wconf 88' lang='lat' dir='ltr'>sine</span> <span class='ocrx_word' id='word_1_151' title='bbox 1249 3484 1322 3554; x_wconf 84' lang='lat' dir='ltr'>anni</span> <span class='ocrx_word' id='word_1_152' title='bbox 1338 3483 1446 3554; x_wconf 67' lang='lat' dir='ltr'>notai:</span> 
     </span>
     <span class='ocr_line' id='line_1_24' title="bbox 465 3600 1520 3696; baseline 0.003 -28"><span class='ocrx_word' id='word_1_153' title='bbox 465 3641 467 3646; x_wconf 94' lang='lat'><em>·</em></span> <span class='ocrx_word' id='word_1_154' title='bbox 565 3600 620 3669; x_wconf 87' lang='lat' dir='ltr'>sed</span> <span class='ocrx_word' id='word_1_155' title='bbox 632 3600 721 3694; x_wconf 87' lang='lat' dir='ltr'>operi</span> <span class='ocrx_word' id='word_1_156' title='bbox 735 3603 883 3693; x_wconf 87' lang='lat' dir='ltr'>praernisit</span> <span class='ocrx_word' id='word_1_157' title='bbox 894 3601 1058 3696; x_wconf 83' lang='lat' dir='ltr'>epistolam</span> <span class='ocrx_word' id='word_1_158' title='bbox 1070 3603 1223 3672; x_wconf 84' lang='lat' dir='ltr'>Nicolaus</span> <span class='ocrx_word' id='word_1_159' title='bbox 1235 3600 1275 3671; x_wconf 89' lang='lat' dir='ltr'>de</span> <span class='ocrx_word' id='word_1_160' title='bbox 1293 3601 1446 3671; x_wconf 88' lang='lat' dir='ltr'>Manerbi</span> <span class='ocrx_word' id='word_1_161' title='bbox 1516 3675 1520 3684; x_wconf 69' lang='grc'><em>,</em></span> 
     </span>
     <span class='ocr_line' id='line_1_25' title="bbox 564 3713 1445 3813; baseline 0.007 -34"><span class='ocrx_word' id='word_1_162' title='bbox 564 3713 598 3780; x_wconf 92' lang='lat' dir='ltr'>in</span> <span class='ocrx_word' id='word_1_163' title='bbox 610 3715 673 3808; x_wconf 65' lang='lat' dir='ltr'>qub</span> <span class='ocrx_word' id='word_1_164' title='bbox 691 3717 749 3785; x_wconf 85' lang='lat' dir='ltr'>sub</span> <span class='ocrx_word' id='word_1_165' title='bbox 766 3718 862 3788; x_wconf 86' lang='lat' dir='ltr'>finem</span> <span class='ocrx_word' id='word_1_166' title='bbox 873 3719 1005 3813; x_wconf 85' lang='lat' dir='ltr'>legitur:</span> <span class='ocrx_word' id='word_1_167' title='bbox 1024 3741 1125 3810; x_wconf 83' lang='lat' dir='ltr'>questo</span> <span class='ocrx_word' id='word_1_168' title='bbox 1145 3721 1236 3786; x_wconf 86' lang='lat' dir='ltr'>etiam</span> <span class='ocrx_word' id='word_1_169' title='bbox 1246 3745 1302 3788; x_wconf 80' lang='lat' dir='ltr'>core</span> <span class='ocrx_word' id='word_1_170' title='bbox 1319 3720 1445 3788; x_wconf 79' lang='lat' dir='ltr'>silentio</span> 
     </span>
     <span class='ocr_line' id='line_1_26' title="bbox 565 3835 1445 3925; baseline 0.005 -23"><span class='ocrx_word' id='word_1_171' title='bbox 565 3855 630 3903; x_wconf 78' lang='lat' dir='ltr'>teon</span> <span class='ocrx_word' id='word_1_172' title='bbox 640 3857 655 3903; x_wconf 88' lang='lat' dir='ltr'>e</span> <span class='ocrx_word' id='word_1_173' title='bbox 666 3835 858 3925; x_wconf 72' lang='lat' dir='ltr'>departare.</span> <span class='ocrx_word' id='word_1_174' title='bbox 876 3886 934 3913; x_wconf 84' lang='grc'>...</span> <span class='ocrx_word' id='word_1_175' title='bbox 950 3862 1030 3909; x_wconf 84' lang='lat' dir='ltr'>come</span> <span class='ocrx_word' id='word_1_176' title='bbox 1040 3837 1172 3908; x_wconf 83' lang='lat' dir='ltr'>Nicolao</span> <span class='ocrx_word' id='word_1_177' title='bbox 1183 3837 1301 3909; x_wconf 79' lang='lat' dir='ltr'>Jeurorz</span> <span class='ocrx_word' id='word_1_178' title='bbox 1318 3840 1445 3907; x_wconf 81' lang='lat' dir='ltr'>dueerzee</span> 
     </span>
     <span class='ocr_line' id='line_1_27' title="bbox 1314 3956 1543 4052; baseline 0.009 -28"><span class='ocrx_word' id='word_1_179' title='bbox 1314 3956 1445 4052; x_wconf 75' lang='lat' dir='ltr'>lorigine</span> <span class='ocrx_word' id='word_1_180' title='bbox 1541 3970 1543 3974; x_wconf 78' lang='grc'>’</span> 
     </span>
    </p>
   </div>
   <div class='ocr_carea' id='block_1_6' title="bbox 0 0 1876 5109">
    <p class='ocr_par' dir='ltr' id='par_1_9' title="bbox 0 0 1876 5109">
     <span class='ocr_line' id='line_1_28' title="bbox 0 0 1876 5109; baseline 0 12"><span class='ocrx_word' id='word_1_181' title='bbox 0 0 1876 5109; x_wconf 95' lang='lat' dir='ltr'> </span> 
     </span>
    </p>
   </div>
  </div>
 </body>
</html>
