3742 5109
493 600 539 653 ιο
643 575 1272 675 manumittuntur.

539 731 591 811 4⁰.
612 715 788 790 Character
808 719 841 788 in
857 738 995 817 utroque
1016 719 1126 810 idem,
1150 721 1203 816 qui
1225 721 1298 791 licet
1317 715 1427 808 maior
1526 759 1529 767 ·
1579 717 1582 730 '

490 834 528 907 sit
545 837 576 905 iu
597 836 747 931 psalterio
764 838 838 907 anni
866 861 984 937 1459,
1004 857 1051 910 est
1071 858 1179 909 tamen
1196 834 1338 927 ejusdem
1355 838 1427 908 for·

490 978 580 1026 mae:
609 955 684 1027 hinc
705 956 839 1050 pertinet
866 955 907 1027 ad
927 976 1179 1054 propugnatores
1202 958 1426 1029 characterum
1530 947 1534 952 ’

491 1074 668 1169 ligneorum
692 1072 732 1145 de
755 1074 791 1145 iis
812 1073 894 1146 ferre
914 1058 1064 1162 judicium
1080 1102 1089 1146 :
1108 1076 1243 1171 pertinet
1264 1075 1360 1146 etiam
1383 1070 1428 1144 ad

490 1172 629 1263 formam
655 1191 780 1264 Donati
800 1192 884 1288 apud
908 1196 1044 1290 catalog.
1074 1194 1103 1263 la
1134 1195 1272 1265 valuere
1306 1192 1450 1281 incisi„
1512 1249 1519 1258 .

443 1391 452 1430 ‚
490 1329 524 1383 et
546 1312 670 1384 alterius
690 1311 817 1385 Donati
839 1310 927 1398 cujus
950 1312 1088 1383 mediam
1113 1332 1236 1408 partem
1260 1312 1350 1383 unius
1373 1310 1428 1383 fo·

491 1430 523 1499 lii
544 1432 716 1526 posside03
738 1431 794 1503 sed
815 1432 915 1527 longe
939 1433 1112 1527 elegantior
1133 1452 1180 1503 est
1202 1430 1298 1528 quarn
1315 1430 1354 1500 in
1377 1430 1428 1500 bi-

489 1547 560 1621 bliis
580 1577 725 1647 -quotum
759 1572 873 1649 typum
903 1549 1044 1621 exhibuit
1068 1549 1265 1622 Schelhorne
1292 1551 1327 1618 in
1350 1549 1427 1617 dia-
1507 1581 1535 1594 ··

490 1670 571 1738 nz'bci
600 1673 637 1740 de
667 1674 850 1764 optimorum
877 1670 1056 1763 scriptorum
1088 1670 1301 1755 editionibus,
1332 1668 1429 1758 impr.
1544 1765 1547 1770 Ι

490 1787 674 1887 Lindaugiae
702 1794 819 1886 1761,
843 1790 948 1880 iri-4⁰.

544 1923 591 2007 5⁰.
617 1909 716 1980 Biblia
742 1910 793 1981 illa
818 1907 994 1981 exeadem
1018 1926 1091 1981 sunt
1119 1906 1258 1978 editione
1286 1931 1324 1975 ac
1353 1929 1430 2000 quae
1543 1917 1546 1924 '

491 2024 576 2122 apud
600 2025 763 2116 Debure‚
791 2030 1018 2125 Bibliographie
1048 2029 1222 2097 instructive
1253 2024 1316 2095 N0.
1347 2044 1431 2121 25,

385 2181 388 2189 .
489 2142 708 2219 describuntur
732 2146 883 2244 tanqutltn
911 2147 1048 2219 extantia
1077 2147 1108 2215 in
1135 2140 1332 2215 Bibliotheca
1353 2141 1431 2211 Ma-

489 2262 639 2354 zariueal,
663 2285 695 2337 et
721 2268 829 2363 paucis
864 2267 978 2342 abhinc
1014 2264 1174 2335 mensibus
1209 2261 1339 2333 accessit
1372 2259 1432 2329 ali·

440 2463 442 2465 ,
488 2380 533 2452 ud
552 2387 713 2483 exemplar
732 2385 773 2458 ad
792 2386 1023 2468 Bibliothecarn
1042 2382 1161 2479 regiam
1182 2382 1214 2450 in
1235 2374 1432 2475 pergamen&
1532 2385 1544 2418 ’-

489 2499 576 2573 uncle
592 2507 795 2576 consulantur
805 2530 816 2592 ;
826 2506 912 2579 sient
929 2525 961 2575 et
976 2505 1149 2590 Foumier,
1167 2500 1261 2568 Lettre
1278 2494 1431 2567 ciFreron

423 2605 425 2611 ¹
489 2618 545 2689 tibi
569 2620 811 2717 Bibliographiae
834 2622 971 2693 auctoris
994 2618 1146 2693 sententia
1174 2614 1341 2690 severioris
1363 2613 1432 2698 cri·¹

489 2737 567 2809 tices
587 2740 710 2812 trutinae
733 2737 905 2828 subjicitur.

484 2936 487 2941 ,
541 2859 591 2931 6⁰.
612 2858 736 2931 Frustrai
751 2859 982 2957 inquirerentur
998 2858 1106 2929 litterae
1129 2852 1340 2952 principales,
1357 2878 1432 2925 cus·

488 2974 581 3045 tudes
594 3003 631 3049 ac
643 2977 807 3073 signaturae
819 3030 831 3069 ,
843 3003 880 3048 ac
892 2977 1016 3048 numeri
1026 2995 1202 3071 caeteraque
1217 2970 1432 3069 provectioris

492 3095 565 3165 artis
585 3097 712 3189 puncta.

447 3216 449 3218 ’
542 3217 600 3306 7⁰.
624 3212 708 3305 Quis
723 3232 829 3287 autern
842 3215 934 3285 fuerit
951 3216 1068 3285 horum
1086 3209 1196 3283 artifex
1217 3234 1258 3279 an
1282 3204 1431 3278 Guttem·
1537 3197 1548 3232 ³

478 3331 588 3429 berg,
604 3360 646 3405 an
666 3359 707 3406 ve
723 3333 893 3432 Schoyffer
909 3358 947 3405 ac
964 3335 1117 3422 Faustus,
1134 3354 1175 3401 an
1189 3353 1232 3399 ve
1250 3327 1345 3417 alter,
1362 3350 1432 3423 quo

491 3452 587 3521 etiarn
605 3480 692 3525 anno
709 3452 900 3549 prodierint,
913 3479 955 3523 an
972 3475 1064 3550 1450
1077 3476 1118 3521 an
1134 3469 1197 3551 145
1208 3468 1223 3545 5
1235 3499 1245 3535 ,
1258 3445 1365 3515 sintne
1382 3445 1433 3515 Bi-

491 3567 555 3638 blia
571 3569 734 3667 dequibus
748 3572 941 3643 Trithemius
959 3596 1012 3642 aut
1023 3568 1213 3640 Chronicon
1230 3563 1433 3635 Coloniense
1493 3562 1497 3572 ’
1541 3595 1547 3612 ,

493 3685 689 3783 loquuntur,
708 3691 746 3760 sit
765 3692 822 3762 sub
843 3687 961 3779 judice.
988 3688 1063 3759 Hoc
1081 3709 1180 3758 unum
1201 3680 1349 3754 affirmari
1370 3708 1434 3777 po·
1468 3694 1473 3701 '

378 3884 382 3891 ,
433 3844 435 3848 ·
493 3824 554 3877 test
580 3805 656 3879 citra
681 3832 778 3881 omne
811 3806 971 3902 dubiun,
1004 3806 1075 3882 lraec
1103 3801 1269 3889 volumina
1297 3825 1363 3897 prae
1395 3825 1432 3873 se
