3742 5109
651 558 1024 653 ΑΝΝΟιῃῡ
1151 564 1153 569 ’
1230 561 1384 659 ὥς,

344 791 346 796 Ι
421 718 526 775 torem
544 696 717 792 scripsisse:
735 700 857 790 explicit
872 702 945 768 liber
960 700 1078 767 Esdrn.
1096 697 1208 787 Incipit
1228 722 1302 764 con-
1313 755 1324 764 ,.

414 816 514 904 fissio
533 820 666 905 Esdrtt,
692 816 748 887 sed
772 817 846 888 cum
867 813 1048 885 immediate
1073 814 1199 908 incipiat
1223 813 1301 884 liber

422 936 529 1004 tertius
560 934 880 1034 Esdrae,'confessio
911 933 980 1003 haec
1013 933 1145 1013 habetur
1172 957 1301 1003 manus-
1332 924 1354 990 ·’

421 1052 520 1150 cripta
546 1054 577 1120 in
601 1052 740 1122 inferiori
762 1051 925 1147 margine,
949 1070 980 1122 et
1006 1050 1112 1144 incipit
1136 1050 1211 1121 sic:
1242 1054 1301 1118 do·
1329 1041 1335 1053 ⁶

419 1174 502 1239 mine
523 1174 576 1261 qni
596 1172 716 1239 liabitas
735 1174 768 1239 in
791 1173 943 1241 eternum.
970 1168 1027 1239 De
1051 1169 1113 1241 hoc
1135 1166 1212 1238 'vide
1231 1171 1300 1237 Fu·

377 1313 383 1325 ·
419 1290 504 1356 britii
523 1290 650 1356 codicem
666 1290 855 1384 pseudepigr.
879 1310 935 1359 vet.
962 1310 1079 1359 testnrn.

467 1405 593 1475 Tomus
616 1406 771 1477 secundus
792 1406 900 1501 incipit
921 1432 941 1476 a
967 1406 1166 1500 proverbiis3
1189 1424 1222 1475 et
1243 1431 1301 1478 co·

420 1524 527 1593 lumna
545 1524 668 1617 prima,
690 1525 769 1595 sicut
791 1545 936 1613 caeterae,
960 1544 1109 1595 constant
1131 1542 1299 1593 numerato

421 1642 510 1714 titulo
534 1640 579 1731 48
600 1642 712 1732 lineis,
736 1662 769 1713 et
790 1643 972 1713 terminatur
997 1668 1070 1713 cum
1087 1641 1299 1737 Apocalypsis

421 1758 570 1829 column&
599 1758 737 1835 secundi
760 1779 792 1832 et
814 1761 1071 1857 subscriptione,
1095 1758 1126 1829 itl
1152 1779 1198 1832 est
1225 1785 1299 1830 cum

421 1902 467 1976 32
493 1878 590 1949 lincis.

467 1995 640 2068 Character
662 1997 746 2069 idem
769 2016 815 2069 est
836 2023 873 2068 ac
897 2000 1037 2066 editionis
1065 2000 1145 2067 anni
1165 2000 1300 2087 -14623

418 2140 478 2186 nec
497 2116 619 2186 raritate
634 2117 691 2208 ipsi
712 2116 840 2185 inferior
861 2135 918 2187 esti
942 2115 1037 2185 Caret
1059 2118 1192 2209 signat,
1210 2140 1298 2187 num.

418 2253 451 2303 et
488 2231 611 2302 custod.
655 2232 754 2302 Tituli
787 2233 1006 2327 imprimuntur
1043 2235 1140 2301 rubro
1177 2232 1299 2303 colore.

420 2352 589 2444 Exemplar
606 2350 692 2420 mirae
711 2351 961 2421 conservationis
980 2370 1011 2420 et
1032 2348 1204 2444 elegantiae.
1227 2347 1301 2445 Edi3

418 2471 464 2539 tio
486 2470 555 2538 haec
580 2468 744 2564 adaequate
770 2467 864 2538 refert
887 2470 1047 2537 editionem
1071 2470 1151 2535 nnni
1180 2468 1269 2555 1462
1288 2463 1311 2555 ,'

419 2586 514 2657 itaut
538 2588 605 2682 typi
628 2586 723 2656 iidem
746 2587 836 2674 sint,
864 2605 895 2655 et
918 2584 1030 2655 folium
1052 2583 1161 2671 folio,
1188 2585 1301 2679 pagina

418 2706 564 2799 paginae,
591 2731 697 2775 versus
719 2706 823 2777 versui
848 2724 880 2778 et
904 2704 1004 2775 littera
1032 2702 1141 2773 litterae
1164 2728 1302 2797 respon·

309 2822 316 2829 ’
418 2821 522 2894 deant.
536 2826 569 2892 V
571 2822 620 2893 ide
632 2823 794 2895 Schwartz
798 2824 953 2915 primaria
962 2825 1140 2916 documenta
1149 2848 1226 2917 pag.
1241 2845 1300 2916 31.

420 2938 452 3007 Si
491 2941 698 3012 institueretur
735 2940 933 3036 comparatio
971 2940 1089 3010 horum
1130 2939 1301 3009 bibliorum

419 3059 494 3125 anni
518 3083 607 3148 1472
631 3061 780 3128 cumillis
808 3063 925 3148 1462,
948 3058 1055 3127 forsin
1079 3056 1301 3150 deprehende·

419 3194 504 3242 retur
520 3200 613 3242 causa
630 3169 839 3244 variationum
856 3200 936 3271 quae¹
951 3191 1121 3244 occurrunt
1144 3173 1175 3239 in
1193 3197 1301 3242 exem·

418 3290 554 3385 plaribus
579 3290 651 3356 anni
680 3294 781 3377 1462.
809 3290 873 3359 Sed
896 3288 968 3359 vide
994 3288 1156 3358 Seemiller
1181 3290 1216 3357 in
1243 3287 1300 3358 sub

418 3409 625 3475 exercitatione
647 3408 682 3473 de
703 3409 815 3495 duplici
836 3409 963 3478 editione
984 3407 1175 3503 Mogontittd
1195 3408 1300 3475 biblio-

419 3551 486 3592 nnn
516 3525 699 3592 Latinorum
722 3525 802 3589 anni
829 3526 950 3612 1462,
977 3524 1123 3613 impressa*
1145 3524 1301 3619 Ingolrta-

418 3646 462 3711 dii
489 3641 575 3740 1785
596 3696 608 3730 ,
631 3644 728 3750 in·4}’.

373 3850 423 3916 ro
451 3822 648 3911 Johannis
671 3818 859 3908 Bochacii
884 3823 959 3910 viri
984 3816 1298 3933 eloquentissimi
