3742 5109
517 575 590 672 360
784 539 1236 673 tranr'snn'
1336 647 1338 651 ὗ

565 709 634 779 toia
658 704 794 775 Rumelii
815 702 857 773 ad
884 698 1134 797 Typographos.
1168 695 1272 766 Caret
1300 696 1460 794 signat,

453 859 468 890 ι
565 850 654 897 num.
687 844 718 895 et
753 820 874 893 custod.

508 1025 576 1120 „16
609 1025 784 1108 Cronica
817 1046 904 1129 quae
933 1013 1078 1099 dicitur
1111 1038 1258 1120 catena
1287 1034 1461 1126 tempo-

574 1184 662 1239 rum
691 1182 759 1234 seu
783 1149 1046 1233 rudimentum
1073 1145 1357 1228 Novitiorum.
1393 1151 1460 1230 In·

574 1284 688 1380 folio.
709 1314 762 1367 m.
789 1314 822 1368 r.
848 1283 970 1366 Torni
998 1277 1078 1364 duo
1105 1306 1196 1363 cum
1225 1283 1459 1363 innumeris

576 1420 729 1533 figuris.
830 1462 832 1466 ·

613 1589 651 1660 ln
673 1590 736 1662 fine
757 1587 888 1683 legitur:
920 1586 1020 1653 Anno
1047 1604 1163 1682 1475,
1185 1586 1232 1652 die
1255 1604 1284 1653 V
1313 1587 1460 1681 Augusti

567 1709 666 1778 nobili
702 1709 737 1775 in
778 1708 848 1773 urbe
881 1704 1040 1771 Lubiearza
1080 1724 1142 1771 orte
1174 1704 1379 1791 impressoria
1401 1728 1461 1793 per

565 1826 685 1896 Lucam
716 1825 854 1892 Brendis
875 1824 911 1889 de
941 1811 1053 1916 &bost
1071 1818 1200 1909 feliciter
1221 1804 1267 1889 est
1293 1834 1462 1894 excusum
1529 1812 1530 1815 Ἴ

533 2001 535 2006 .
567 1940 654 2011 Vide
684 1940 847 2025 Debure,
870 1938 939 2007 ΝΟ.
978 1964 1103 2032 4319,
1129 1936 1182 2007 ubi
1210 1938 1339 2032 integra
1366 1940 1461 2009 subs-

568 2058 682 2153 criptio
706 2056 846 2127 refertur.
870 2056 924 2124 An
949 2054 1041 2143 hujus
1058 2074 1177 2126 auctor*
1195 2054 1233 2123 sit
1263 2053 1362 2153 Joan.
1387 2056 1460 2127 Co-

567 2177 705 2264 lumna,
731 2194 783 2247 aut
817 2175 998 2262 Brochart‚
1028 2192 1081 2246 aut
1107 2174 1216 2244 Petrus
1250 2172 1459 2272 Comestor‚
1504 2209 1507 2214 ·

567 2292 670 2363 adhuc
701 2292 789 2364 certd
823 2318 891 2362 non
923 2309 1077 2380 constat,
1107 2315 1166 2360 nec
1198 2290 1296 2374 etiam
1327 2291 1459 2384 deeius

567 2411 769 2480 translatione
791 2410 823 2479 in
845 2409 983 2504 linguam
1000 2409 1167 2481 Gallicam.
1190 2409 1290 2479 Unde
1313 2437 1459 2506 praesens
1492 2456 1494 2461 ·

567 2555 649 2623 opus
683 2548 819 2610 meretur
860 2528 1047 2620 ampliorem
1085 2526 1340 2599 dissertationem
1381 2556 1459 2627 quae

567 2646 652 2716 foret
685 2646 771 2715 extri
802 2645 912 2714 limites
942 2646 1031 2714 unius
1066 2644 1212 2739 catalogi.
1260 2717 1285 2722 ,,

614 2762 784 2832 Rarissima
812 2763 880 2832 haec
910 2762 1006 2835 editio
1036 2765 1161 2836 extabat
1188 2762 1273 2857 apud
1307 2768 1340 2836 la
1373 2770 1459 2838 Val-

472 2940 474 2942 ,
564 2878 643 2949 Ιίὲτε
672 2905 684 2962 ;
724 2878 780 2947 sed
821 2878 943 2949 videtur
979 2881 1196 2975 imperfectum
1235 2880 1332 2954 fuisse
1384 2881 1501 2975 ejus&
1534 2925 1537 2934 ·

462 3007 464 3012 '
566 2995 738 3091 exemplar.
774 2996 910 3066 Constat
940 3016 1045 3067 autern
1076 3023 1147 3095 434
1173 2997 1255 3069 foliis
1287 3026 1374 3097 opus
1385 3058 1400 3092 a
1423 3022 1458 3075 et

565 3113 661 3185 index
694 3115 789 3193 habet
826 3112 869 3185 28
896 3168 908 3206 ,
946 3114 977 3184 in
1016 3114 1103 3207 cujus
1145 3118 1206 3189 fine
1242 3135 1333 3189 extat
1372 3112 1456 3193 sirb-
1495 3113 1501 3128 '

566 3232 706 3327 scriptio.

612 3351 725 3424 Priora
774 3352 922 3425 undecim
965 3354 1041 3426 folia
1093 3354 1188 3425 incisa
1237 3376 1269 3424 et
1315 3357 1455 3431 miniata

565 3468 714 3539 exhibent
754 3471 873 3540 tabulas
896 3472 1155 3566 ,chronologicas
1188 3490 1219 3541 et
1254 3457 1454 3571 genealogi-
1501 3464 1504 3469 ¹

565 3611 619 3654 cas
644 3611 699 3655 sex
731 3586 894 3680 partium,
926 3614 982 3659 seu
1012 3607 1139 3659 aetarurn
1171 3589 1203 3655 in
1233 3614 1311 3684 quas
1339 3610 1452 3663 toturn

527 3695 530 3702 ⁴
563 3698 719 3774 dividitur.
756 3704 881 3775 Auctor
912 3704 1057 3799 perduxit
1089 3704 1230 3777 historias
1265 3732 1370 3807 usque
1406 3709 1452 3783 ad

467 3910 470 3917 .
563 3841 683 3887 annum
714 3819 817 3916 ipsum
854 3844 958 3922 1475.
