3742 5109
593 576 643 653 60
738 571 895 648 LIBRI
925 570 1033 648 SUB
1063 570 1236 647 Anno
1270 573 1377 667 1462:

812 747 920 836 Libri
942 748 1011 833 sub
1035 783 1135 835 anno
1166 749 1286 867 1462.
1372 767 1375 773 '

601 977 619 1031 1
650 937 871 1027 Ptolomaei
900 940 1224 1057 Cosmographia
1262 964 1355 1028 curn
1397 946 1526 1027 casti·-

648 1075 882 1193 gationibus
897 1072 1060 1159 Galeoti
1077 1077 1241 1179 Martii,
1259 1073 1389 1161 Collae
1402 1077 1526 1161 Mon·

651 1214 767 1314 tani,
796 1205 1009 1291 Manfridii
1035 1232 1076 1291 et
1113 1205 1222 1293 Petri
1255 1210 1394 1317 Boni,
1430 1234 1526 1293 cum

652 1339 791 1429 ultima
816 1337 1095 1430 emendatione
1121 1339 1295 1464 Philippi
1319 1337 1524 1428 Beroaldi.

652 1472 822 1565 In-fol.

695 1668 732 1739 In
746 1668 808 1739 fine
822 1667 891 1739 libri
903 1688 976 1739 vul
990 1665 1101 1765 legitur
1113 1694 1128 1739 τ
1140 1669 1188 1740 iic
1194 1665 1274 1760 finit
1287 1664 1526 1764 cosmographia

646 1788 792 1857 Polemi
813 1789 961 1879 depressa
983 1797 1045 1879 ripa
1068 1789 1232 1858 Dominici
1253 1788 1288 1856 de
1307 1785 1429 1877 Lapis,
1451 1786 1526 1855 civis

645 1906 834 1976 Bonomisis
844 1960 857 1993 ,
880 1909 993 1976 mensis
1012 1906 1092 1979 Iulii
1105 1923 1252 1992 XXIII,
1271 1929 1357 1975 anno
1374 1904 1417 1973 M
1437 1905 1541 1973 cccc'

646 2026 962 2113 LXI1‚B0nonie;
988 2048 1061 2095 curn
1090 2023 1143 2119 fig.
1172 2022 1419 2120 geographicis,
1449 2045 1526 2097 curn

609 2233 612 2245 Ι
646 2144 757 2239 signat.
781 2161 814 2212 et
837 2144 969 2238 registro
992 2141 1154 2214 codicum.
1180 2142 1355 2215 Character
1373 2138 1527 2218 minutior

580 2330 582 2339 ,
646 2280 695 2331 est
717 2286 759 2332 eo
780 2287 848 2358 quo
871 2286 944 2337 usus
967 2280 1015 2331 est
1036 2260 1088 2333 hic
1111 2260 1350 2357 Typographus
1375 2284 1437 2355 pro
1460 2258 1527 2333 Bc-

645 2382 762 2450 aedicio
775 2383 810 2449 de
820 2384 953 2467 nursia,
969 2404 1057 2450 anno
1081 2402 1184 2473 1477.

696 2496 781 2568 Duo
802 2499 909 2594 priora
933 2498 1010 2568 folia
1030 2493 1243 2569 desiderantur
1262 2495 1296 2568 in
1319 2493 1424 2591 prirno
1447 2519 1528 2592 qua·
1599 2489 1602 2497 ’

589 2665 592 2672 ·
647 2616 816 2700 mione,
839 2636 872 2687 et
892 2615 959 2685 duo
979 2614 1078 2685 etiarn
1099 2616 1132 2684 in
1152 2616 1262 2712 quinto
1284 2634 1317 2686 et
1337 2632 1440 2685 sexto.

696 2730 753 2801 De
776 2733 835 2801 hac
858 2731 997 2802 editione
1023 2750 1054 2801 et
1082 2727 1148 2821 ejus
1176 2731 1432 2810 Anachronismo
1454 2728 1527 2802 fuse

436 2908 446 2926 .
507 2861 510 2867 ’
648 2848 789 2922 disseruit
814 2847 973 2937 Debure,
998 2849 1061 2924 N0.
1084 2873 1210 2944 41923
1235 2848 1321 2928 unde
1346 2875 1420 2924 cunr
1445 2846 1529 2936 Raiss

647 2966 757 3054 delio,
782 2966 841 3061 (in
862 2966 918 3038 suri
936 2968 1194 3037 commoratione
1212 2969 1476 3037 critico-litterarii
1490 2969 1528 3036 de

648 3085 1009 3181 PtolomeiGeograplzia‘,
1019 3090 1109 3177 impr.
1118 3086 1483 3182 Nuremberg‚ann.17·3
1491 3108 1527 3183 7·

648 3200 787 3306 ln·4⁰.)
812 3202 999 3291 remittenda
1018 3224 1065 3280 est
1087 3202 1128 3277 ad
1148 3229 1223 3280 ann.
1249 3202 1353 3295 1482.
1392 3288 1396 3297 Ι
