3742 5109
532 496 640 657 7256
710 551 888 626 rrum
917 551 1023 627 sur
1054 551 1188 630 Anu.
1225 555 1331 653 1471}

607 729 660 783 est
681 729 787 781 tamen
809 710 920 783 formae
947 703 1071 805 iri-4⁰„
1090 713 1183 785 lineae
1204 713 1291 785 enim
1314 713 1495 788 chartularii

492 887 512 943 ,κ
610 848 794 900 transuersae
816 848 899 904 sunt.

542 1031 618 1139 ”40
644 1022 808 1141 Virgilii
825 1026 1009 1109 Maronis
1032 1054 1153 1139 opera
1173 1054 1264 1111 cum
1285 1055 1493 1114 commen·

462 1174 464 1177 ’
616 1162 724 1240 tariis
754 1158 879 1242 Servii
908 1159 1126 1242 Honorati.
1160 1158 1361 1242 florentie
1393 1159 1492 1243 Ber·

614 1287 722 1372 nard.
746 1289 916 1372 Cannini.
947 1286 1106 1374 In-fol.·

653 1479 781 1576 Legitur
798 1478 836 1580 in
859 1480 922 1549 fine
946 1479 1200 1552 Bucolicorum:
1223 1463 1375 1553 Bemard.
1406 1483 1489 1552 Cen·

604 1598 677 1671 nini
699 1616 765 1670 VII
787 1600 863 1669 Idus
882 1599 1063 1669 Novembris
1089 1621 1192 1691 1471.

594 1807 597 1811 .
652 1716 688 1788 ln
704 1717 767 1789 fine
787 1717 1046 1812 Georgicorum:
1070 1735 1099 1788 V
1115 1718 1190 1786 Idus
1207 1716 1357 1788 Ianuarii
1381 1733 1488 1811 1471ss

603 1835 646 1906 Et
672 1837 704 1905 in
733 1836 795 1907 fine
818 1832 984 1906 AEneidis:
1006 1837 1179 1907 absolutwn
1206 1835 1312 1905 Nonis
1328 1837 1484 1930 'Octobri-

603 1954 661 2022 bus
687 1976 789 2047 ¹472·

630 2068 755 2170 ¹Prima
776 2065 1002 2167 subscriptio'a
1019 2068 1178 2159 Debure,
1200 2069 1262 2142 ΝΟ.
1288 2073 1407 2166 2672,
1432 2096 1485 2143 re·
1571 2068 1572 2071 ’
1602 2131 1605 2136 .

601 2188 666 2260 lata
687 2188 837 2286 tanqudm
860 2191 996 2262 existens
1018 2191 1051 2260 in
1071 2190 1134 2260 fine
1155 2188 1369 2283 praefationis‚
1392 2216 1482 2284 repe·

600 2307 678 2379 ritur
702 2308 737 2378 in
764 2308 826 2380 fine
851 2309 1077 2383 Bucolicorum
1101 2328 1133 2380 et
1160 2308 1423 2402 Georgicorum
1448 2327 1482 2379 et

599 2425 697 2497 altera
718 2428 758 2498 ab
780 2426 896 2500 eodem
918 2430 1015 2502 relata
1036 2445 1121 2498 extat
1144 2426 1177 2496 in
1201 2426 1263 2495 fine
1287 2422 1439 2498 AEneidis.

512 2603 531 2628 „
645 2542 827 2617 Character'
846 2545 999 2616 rotundus
1027 2564 1074 2615 est
1104 2570 1142 2615 ac
1177 2543 1332 2638 elegans,
1359 2544 1480 2639 absque

493 2717 502 2736 .
597 2662 734 2757 signat,
758 2688 846 2736 num.
870 2681 902 2733 et
924 2662 1116 2735 custodibus.
1145 2662 1273 2757 Paginae
1300 2686 1368 2731 non
1397 2661 1478 2732 divi-

594 2777 711 2850 duntur
745 2780 778 2848 in
808 2781 1004 2852 columnas:
1033 2782 1065 2865 in
1099 2780 1163 2850 hoc
1197 2779 1367 2874 exemplari
1399 2779 1477 2849 nihil

594 2893 712 2982 deest,
743 2896 801 2968 sed
835 2898 1019 2970 humiditate
1053 2897 1162 2969 ultima
1189 2897 1268 2967 folia
1300 2890 1475 2995 madefacta

594 3022 690 3101 sunt3
711 3011 752 3102 de
773 3015 837 3086 hoc
859 3034 892 3086 et
910 3012 978 3105 ejus
1000 3012 1225 3111 Typographo
1253 3015 1326 3087 vide
1348 3014 1474 3086 Domi-

525 3130 529 3140 '
592 3132 668 3205 nico
692 3130 805 3203 Mami
834 3135 1002 3224 deprimis
1032 3135 1117 3207 libris
1143 3137 1347 3230 promulgatis
1373 3116 1409 3205 iri
1425 3133 1472 3223 fi-

481 3300 485 3307 -
591 3276 702 3351 senze,
723 3269 756 3324 et
776 3251 945 3327 Maittaire.
