3742 5109
1338 347 1349 381 l
1376 393 1378 398 .

616 605 684 684 ¹92
793 576 945 651 LIBRI
969 574 1037 648 ΑΒ
1063 572 1228 648 ΑΝΝΟ
1258 594 1372 669 1470,
1445 565 1447 570 ⁴

658 744 785 792 metans
820 715 975 788 editiones
1010 713 1162 786 Iohannis
1195 732 1279 785 tacet
1294 712 1341 815 lde
1363 708 1497 783 Tachoi

613 824 615 828 Α
714 861 762 939 50.
793 837 953 911 Custodes
985 861 1149 932 nunquam
1178 834 1318 906 adhibuit
1345 859 1405 904 nec
1440 833 1547 904 titulos

474 1047 480 1060 ι
595 1003 598 1007 .
660 958 850 1052 inepistolis
874 958 1024 1026 Ciceronis
1046 953 1233 1041 iohannes3
1256 978 1327 1050 quae
1352 973 1459 1059 tamen
1484 976 1546 1023 oc-

661 1097 791 1151 currunt
813 1074 845 1145 in
869 1070 988 1146 Tacito.
1450 1141 1453 1146 .

627 1217 629 1222 ’
709 1196 798 1288 Quo,
812 1194 891 1288 verb
916 1221 1001 1268 anno
1020 1192 1170 1290 prodierit
1193 1196 1318 1267 Tacitus
1340 1196 1435 1267 etiam
1456 1195 1547 1268 certb

622 1334 626 1340 ·
662 1302 782 1387 definiri
807 1313 927 1410 nequit.
953 1313 1035 1383 Mihi
1067 1332 1172 1384 tamen
1200 1311 1391 1409 probabilihs
1418 1333 1549 1409 apparet

660 1433 720 1512 sub
735 1425 831 1503 fidem
844 1431 917 1502 anni
931 1455 1030 1527 '¹470
1042 1487 1053 1521 ,
1065 1432 1232 1503 terminato
1242 1433 1439 1529 Augustino,
1454 1432 1549 1503 fuisse

660 1552 855 1647 vulgatum
882 1551 1107 1647 probabilitatis
1134 1548 1226 1639 hujus
1256 1552 1393 1622 rationes
1428 1550 1549 1621 submi-

661 1671 811 1740 nistrante
823 1669 1052 1764 subscriptione
1068 1667 1259 1765 Augustini:
1272 1668 1448 1741 secundum
1460 1669 1545 1739 banc

662 1789 748 1859 enim
770 1790 930 1861 Joicannes
958 1791 1113 1869 edocuerat
1134 1789 1280 1859 Venetos
1302 1813 1394 1859 anno
1420 1790 1545 1880 1469,

661 1905 702 1977 de
722 1925 788 1977 arte
808 1904 1061 2005 typographicita
1079 1926 1112 1977 et
1128 1919 1215 2003 anno
1237 1930 1353 2002 1470,
1374 1932 1440 2003 quo
1457 1926 1542 1977 tem-

661 2050 742 2121 pore
767 2028 979 2121 Augusrinum
1005 2025 1229 2120 imprimebat,
1255 2047 1349 2096 morte
1372 2048 1544 2117 peremptus

661 2165 715 2215 est.
734 2142 818 2216 Hinc
836 2142 1024 2217 Vindelinus
1041 2142 1140 2215 adfuit
1155 2145 1209 2241 qui
1224 2146 1378 2217 volumen
1393 2144 1493 2215 finivit
1511 2163 1543 2215 et
1592 2224 1595 2231 ‚

662 2260 792 2359 quidem
809 2287 893 2347 ‚cums
912 2261 1274 2334 iisdem‘characteribus
1294 2289 1360 2361 quo
1383 2261 1547 2335 lohannes
1582 2256 1585 2260 ’

567 2385 569 2389 ’
662 2399 695 2451 et
723 2382 891 2451 Ciceronem
914 2399 946 2451 et
967 2372 1108 2451 Plinium
1125 2380 1277 2455 ediderat.

644 2570 655 2581 -.
711 2518 783 2589 Hac
823 2537 929 2590 autem
964 2520 1137 2620 Augustini
1175 2516 1342 2591 terminati
1375 2519 1547 2608 editione,'

663 2633 824 2707 Johannes
841 2637 974 2707 nomine
993 2662 1052 2708 suo
1066 2662 1208 2729 premens
1218 2640 1332 2730 pressit
1353 2624 1386 2710 et
1400 2637 1459 2710 fuit
1478 2638 1547 2707 Ta·

663 2756 740 2822 citus
761 2757 838 2839 artis
858 2757 959 2849 gloria
974 2757 1081 2846 prima
1097 2780 1170 2828 sue.

712 2869 887 2941 Chardcter
914 2892 1020 2941 autem
1044 2874 1144 2942 Taciti
1165 2871 1262 2969 paulo
1290 2870 1393 2964 major
1417 2900 1459 2947 eo
1479 2900 1547 2972 quo

663 2987 807 3059 utebatur
829 2986 945 3061 iohan.
974 2988 1062 3061 Idem
1088 3010 1135 3061 est
1158 3016 1195 3063 ac
1221 2990 1397 3064 editionum
1420 2994 1546 3067 Vinde'-

518 3131 523 3143 ·
601 3117 603 3121 ’
664 3105 719 3177 lini
741 3106 773 3176 in
796 3108 999 3204 sequentibus
1021 3109 1122 3183 annis.

704 3224 772 3317 Qui
782 3225 960 3298 adscribunt
968 3227 1108 3298 Taciturn
1117 3227 1253 3301 Jobanni
1260 3230 1311 3319 ,in
1320 3233 1546 3327 probationem

666 3342 826 3416 adducunt
836 3344 986 3417 custodes
1001 3346 1113 3443 quibus
1132 3348 1269 3445 gaudet,
1285 3369 1317 3420 et
1333 3376 1405 3446 quae
1417 3352 1448 3420 in
1462 3352 1546 3422 Vin·

664 3461 760 3531 delini
780 3460 968 3535 editionibus
991 3490 1059 3536 non
1083 3488 1235 3561 apparent
1253 3492 1266 3553 ·,
1286 3465 1343 3536 sed
1368 3468 1464 3538 facilis
1490 3494 1546 3539 so·

664 3578 766 3649 lutio:
792 3578 971 3673 producant
995 3582 1080 3651 enim
1101 3584 1214 3655 librum
1236 3584 1268 3653 in
1295 3610 1361 3681 quo
1382 3583 1544 3656 Jobannes

665 3718 717 3763 eas
738 3696 832 3765 etiam
851 3696 1049 3784 adhibuerit3
1069 3697 1144 3769 ditm
1161 3699 1241 3770 verb
1252 3754 1263 3789 ‚
1275 3727 1320 3772 ,ex
1333 3700 1449 3772 eodem
1467 3702 1543 3772 cha-

665 3831 786 3884 ractere
823 3812 951 3910 Taciti,
982 3813 1159 3911 producam
1180 3816 1430 3890 'Grammatieale
1465 3845 1542 3911 opus

700 3954 703 3960 ·
1366 3937 1546 4012 Alexandri
