3742 5109
649 593 682 669 Ἀ
707 596 741 670 Ν
765 598 798 669 Ν
823 597 859 669 Ο
911 611 1017 695 1472.'
1225 621 1296 697 279

424 767 620 887 prologus
641 778 684 858 in
704 772 775 859 lib.
795 774 844 877 de
867 777 1131 885 responsione
1155 775 1295 861 mundi
1392 848 1393 851 r

426 929 467 987 et
492 932 686 990 astrorum
714 907 984 992 ordinatione.
1015 905 1153 993 Infol.
1180 937 1235 992 m.
1258 938 1293 992 r.
1336 937 1350 989 .·

466 1114 502 1185 In
533 1115 596 1187 fine
624 1118 765 1214 legitur:
796 1122 870 1190 liber
895 1122 996 1189 sancti
1024 1119 1148 1188 Ysidori
1178 1118 1229 1208 tpt
1257 1116 1295 1187 de

418 1237 611 1323 responsione
646 1240 755 1307 mundi
789 1261 817 1307 et
849 1259 960 1310 astrot.
1000 1238 1192 1306 acclinatione
1217 1234 1297 1325 finit

410 1349 538 1440 feliciter
561 1380 599 1449 J
626 1354 756 1424 Gintlter
782 1356 901 1424 Zainer
924 1357 960 1425 de
987 1347 1295 1450 Reutlingen‘'cieem

418 1473 670 1567 Augusteum,
693 1500 780 1544 anno
809 1468 873 1544 dini
900 1473 950 1545 M.
978 1468 1114 1543 CCCC.
1141 1469 1297 1559 LXXII,

395 1612 397 1618 ’
418 1592 531 1659 mensis
554 1593 735 1663 Decembris
763 1596 810 1663 die
836 1596 945 1684 septid.
974 1588 1111 1662 Constat
1136 1611 1181 1661 20
1201 1590 1295 1661 foliis.

419 1704 593 1780 Character
614 1707 804 1797 Romanus;
827 1712 945 1807 absque
966 1710 1102 1805 signat,
1124 1706 1181 1778 sed
1201 1707 1297 1777 habet

417 1824 542 1921 figuras.
580 1827 736 1900 Nondiun
775 1828 960 1901 adhibuerat
998 1851 1090 1898 usum
1124 1825 1296 1896 litteratum
1401 1817 1405 1830 ’

416 1935 644 2040 principalium.
666 1944 820 2019 Tractavi
845 1948 1005 2041 exemplar
1027 1970 1130 2017 unum
1154 1944 1186 2014 in
1207 1940 1296 2029 cujus

417 2063 482 2131 fine
510 2088 551 2133 ex
577 2062 697 2133 eodem
723 2064 905 2135 charactere
931 2082 1136 2157 compactum
1170 2063 1296 2133 extabat

307 2183 309 2187 ⁴
390 2203 499 2280 ¹opus
534 2178 627 2252 Joan.
666 2179 813 2250 Andraeae
848 2180 1058 2250 Bononiensis
1087 2203 1176 2270 super
1202 2183 1296 2248 arbo-

386 2298 401 2357 .'
418 2286 501 2364 ribus
533 2299 810 2391 consanguinitatis
842 2322 883 2367 ex
920 2296 969 2367 IV
1003 2294 1125 2367 tantirtn
1154 2295 1294 2391 plagulis

417 2412 523 2483 Edirto
545 2413 700 2507 princeps.
736 2435 741 2442 “

372 2674 425 2762 30
462 2650 487 2739 J
490 2655 612 2733 ustini
645 2650 827 2737 historici
859 2624 1091 2761 'politissimi
1124 2652 1296 2760 epitoma
1370 2760 1373 2767 Ι

423 2788 466 2867 in
494 2783 627 2897 Trogi
651 2782 833 2899 Pompeii
861 2783 1062 2892 historias.
1088 2777 1230 2866 In-fol.

415 3078 437 3103 s,
465 3015 502 3083 ln
545 3015 609 3085 fine
650 3016 796 3112 leguntur
843 3017 925 3087 soliti
965 3040 1074 3087 versus
1117 3012 1296 3101 Conradi,
1386 3048 1389 3057 »

417 3131 637 3227 Sweynheym
658 3153 690 3203 et
707 3132 844 3204 Amoldi
863 3134 1018 3204 Pannartz
1039 3132 1154 3203 Romae
1177 3154 1294 3225 1472,

416 3248 468 3317 die
478 3248 605 3317 'XXVI
627 3247 828 3344 Septembris.
847 3250 918 3321 Nec
939 3251 1038 3320 video
1060 3274 1116 3319 cur
1138 3246 1295 3337 Debure,

418 3352 487 3438 ΝΟ.
520 3389 610 3461 4331
634 3420 645 3452 ,
676 3366 754 3437 vetit
774 3367 847 3437 huic
871 3366 1004 3438 editioni
1028 3365 1145 3435 debere
1166 3360 1294 3435 Florum
1338 3389 1340 3394 ⁴

419 3479 556 3579 adjungi.
588 3484 678 3553 Nihil
704 3483 791 3554 enim
823 3482 854 3554 id
879 3484 1003 3579 probat.
1037 3480 1135 3553 Unde
1166 3502 1295 3577 propter

419 3603 536 3697 operis
555 3603 755 3696 exiguitatem
784 3600 851 3672 dari
880 3602 983 3698 potuit
1011 3598 1202 3697 quandoque
1228 3598 1295 3671 duo

376 3707 378 3712 ’
420 3724 488 3793 haec
511 3722 604 3791 fuisse
629 3721 720 3791 simul
744 3740 922 3815 compacta.
946 3718 1024 3789 Tria
1055 3720 1139 3789 enim
1164 3718 1295 3789 tractavi

418 3840 530 3913 Justini
549 3841 739 3936 exemplaria
753 3866 908 3937 nusquam
925 3840 1022 3911 Floro
1042 3838 1138 3910 unita.

1009 3962 1014 3968 ’
1076 3956 1148 4026 Siv
