3742 5109
552 599 622 680 154
718 538 1309 677 ttunraanuu01470,

644 715 782 791 Constat
809 739 872 818 135
900 717 993 795 foliis.
1016 718 1122 794 Prima
1144 718 1295 792 columna
1317 718 1411 791 habet
1430 741 1478 817 34

454 872 459 883 ·
489 926 491 929 Ι
595 836 695 907 lineas
705 857 737 909 et
747 838 856 910 ultima
869 861 903 929 7.

551 1062 631 1146 129
660 1036 954 1126 Mamotrectus
972 1034 1297 1150 (Marchesini.)
1329 1032 1475 1121 In-fol.

602 1197 659 1256 m.
688 1199 722 1254 r.

643 1358 680 1429 In
696 1359 759 1430 fine
775 1358 909 1456 legiturz
926 1360 1000 1431 liber
1009 1361 1213 1452 expositos-ius
1225 1359 1318 1430 totius
1336 1358 1422 1426 hiblie
1437 1383 1475 1427 ac

595 1478 726 1547 aliomm
736 1500 803 1569 quae
811 1479 846 1546 in
858 1479 977 1548 talesia
984 1480 1147 1549 recitanmr
1159 1479 1213 1570 qui
1223 1477 1473 1545 Mammotrectus

593 1598 765 1691 appellum
769 1595 900 1686 feliciter
908 1596 994 1686 finit.

639 1712 759 1808 Pagina
776 1712 886 1785 ultima
905 1733 1031 1785 constat
1050 1735 1093 1812 35
1113 1712 1226 1802 lineis,
1248 1732 1370 1785 caetetae
1392 1708 1474 1781 verb

591 1853 633 1899 ex
653 1853 699 1925 37
715 1854 728 1916 3
744 1832 863 1928 absque
879 1831 1043 1927 signaturis
1058 1850 1091 1902 et
1107 1830 1301 1903 custodibus.
1319 1829 1473 1900 Miniator

547 2041 550 2046 Ι
591 1945 673 2018 verd
692 1948 768 2020 folia
783 1949 962 2021 numeravit
984 1968 1070 2022 cen.

642 2065 778 2139 Videtur
793 2069 957 2156 character
976 2067 1132 2162 pertinere
1149 2065 1189 2137 ad
1201 2066 1379 2163 Georgium
1388 2065 1472 2135 Hus-

590 2210 649 2256 ner
660 2184 927 2282 Argentinensem
937 2184 1205 2283 Typographum.

546 2396 627 2491 130
662 2380 814 2473 Valerii
845 2382 1046 2469 Martialis
1079 2386 1363 2498 epigrammata
1407 2410 1470 2467 re·

596 2513 871 2629 cognosente¹
902 2518 1088 2644 Georgio
1136 2514 1412 2600 Alexandrino
1455 2548 1470 2613 ;

596 2648 708 2759 impr.
741 2650 912 2734 Veneriis
927 2681 1002 2761 per
1026 2648 1071 2733 V
1067 2648 1225 2734 endelin.
1256 2650 1301 2731 de
1323 2647 1472 2764 Spita,

595 2780 693 2864 circa
723 2808 843 2891 1470.
870 2777 1015 2890 Insfolt

635 2967 741 3039 Editio
766 2969 911 3064 princeps
935 2988 967 3040 et
995 2969 1150 3041 rarissima
1174 2968 1263 3059 cujus
1289 2987 1468 3043 accuratam

586 3084 673 3156 dedit
687 3085 931 3181 descriptionem
943 3086 1096 3177 Debure‚
1109 3086 1173 3159 No.
1192 3088 1297 3183 2813.

636 3203 735 3275 Caret
750 3207 909 3295 numeris,
929 3206 1091 3303 signaturis
1112 3227 1144 3279 et
1163 3207 1358 3282 custodibus.

633 3322 804 3418 Exemplar
820 3324 943 3402 eximiae
956 3325 1224 3417 conservationis,
1277 3396 1279 3400 ,

305 3494 306 3498 i
406 3560 408 3563 ·
542 3546 613 3635 ¹3¹
647 3520 838 3644 Richardi
868 3519 918 3607 dc
950 3522 1180 3609 Mediavilla
1203 3545 1464 3607 commentar.

594 3680 712 3762 super
729 3651 800 3738 lib.
822 3658 941 3743 ΝΜ.
966 3662 1264 3739 sententiarum.
1292 3651 1435 3743 In·fol.

634 3823 670 3904 ln
686 3822 753 3896 fine-
766 3825 912 3928 leguntur
933 3844 1099 3925 sequentes
1123 3850 1259 3899 versus:
