3742 5109
546 614 620 713 3&
804 604 1196 683 LIBRISUB

593 751 627 824 in
653 747 718 821 hoc
748 746 952 844 singularitas.
981 746 1066 820 Vide
1093 746 1219 845 suprh,
1250 772 1322 845 pag.
1351 769 1411 847 45.
1438 747 1477 823 In

592 868 656 939 fine
676 864 801 939 decadis
824 888 943 963 quartae
967 867 1079 963 legitur
1100 881 1202 939 annus
1224 867 1293 941 sic:

813 985 863 1059 M.
890 984 1016 1071 CCCC
1041 984 1159 1060 LXX.'

509 1134 513 1144 ’
640 1142 681 1213 Et
715 1143 946 1239 subsequuntur
984 1143 1033 1233 46
1070 1166 1218 1229 versus,
1258 1138 1312 1238 qui
1352 1165 1476 1214 nomen

591 1259 807 1357 Typographi
827 1259 991 1330 Vindelini
1013 1257 1054 1331 de
1079 1256 1169 1356 spira
1194 1260 1354 1333 exhibent.
1378 1260 1478 1333 Caret

443 1414 446 1421 ·
465 1380 467 1384 ’
593 1379 729 1474 signat,
747 1401 836 1449 num.
850 1395 884 1448 et
900 1376 1025 1450 custod.
1041 1376 1167 1449 Litterae
1186 1376 1324 1466 majores
1341 1376 1477 1475 depictae

480 1544 485 1553 ·
591 1516 675 1569 sunt.
700 1495 784 1567 Vide
801 1495 936 1567 Debure
959 1495 1021 1567 N0.
1049 1494 1172 1585 4801,
1196 1496 1250 1567 ubi
1274 1519 1384 1566 versus
1408 1498 1479 1592 qui-

591 1616 651 1688 bus
673 1616 879 1703 terminatur,
901 1609 1031 1709 ejusque
1054 1611 1224 1708 descriptio
1245 1610 1435 1686 referuntur.

640 1717 838 1803 Editio'haec
859 1748 907 1801 est
923 1728 1134 1825 apographon
1155 1728 1235 1798 illius
1257 1726 1389 1798 ioannis
1404 1731 1477 1800 ‘An-

590 1848 684 1921 dtaeae
706 1845 848 1952 ejusdem
870 1846 956 1919 anni.

546 2070 593 2162 15
628 2046 787 2133 Sonetti
811 2075 833 2130 e
856 2045 1044 2157 triumphi
1068 2042 1110 2129 di
1139 2040 1364 2128 Petrarcha.
1398 2042 1442 2129 V
1439 2076 1476 2126 e·

517 2185 519 2190 ’
597 2181 735 2288 netiis,
757 2178 984 2274 Vindelimts
998 2177 1042 2261 de
1056 2176 1194 2293 Spirat,
1217 2203 1334 2289 1470.
1347 2177 1478 2289 Itu-4⁰.

316 2342 342 2391 ο
600 2315 778 2429 Magno,

530 2515 534 2540 ·“
641 2504 756 2599 Incipit
776 2502 932 2574 volumen
955 2526 1029 2574 cum
1053 2520 1175 2597 septem
1198 2499 1281 2573 foliis
1304 2527 1375 2598 quae
1392 2498 1481 2571 exhi-

594 2622 671 2692 bent
692 2616 830 2691 indicem
851 2618 1085 2715 alphabeticum
1108 2637 1308 2691 sonettorum
1334 2638 1366 2688 et
1391 2618 1481 2711 capi·

592 2738 733 2807 tulorum
756 2736 852 2807 totius
874 2735 1058 2810 voluminis.
1083 2734 1170 2809 Cum
1191 2735 1413 2808 foliouctavo
1436 2735 1481 2806 sic

592 2854 704 2949 incipit
716 2879 726 2925 :

708 2993 713 3003 ⁸
779 3008 857 3080 ⁴Voi
876 3008 1055 3077 chascoltate
1077 3010 1162 3081 inti

793 3154 840 3197 me
857 3151 963 3221 sparse
984 3129 1118 3201 iuuono.

567 3365 571 3372 s
646 3287 693 3359 Ita
713 3302 749 3358 ut
770 3286 933 3358 character
953 3284 1064 3382 primae
1089 3284 1180 3357 lineae
1198 3285 1242 3357 rsit
1262 3285 1426 3383 capitalis,
1449 3305 1483 3358 et

599 3410 672 3482 haec
695 3403 810 3502 pagine
835 3405 936 3502 primu
961 3422 1088 3478 constet
1118 3405 1281 3499 29Nlineis
1307 3458 1319 3497 ,
1346 3404 1401 3477 sed
1435 3402 1479 3473 28

466 3531 468 3535 ’
601 3524 724 3597 tantum
764 3524 943 3610 versibus;
975 3549 1046 3618 pars
1077 3524 1147 3595 haec
1184 3542 1382 3595 sonettorum
1420 3522 1481 3591 ha-

601 3630 752 3736 bet136
781 3641 887 3732 folia,
914 3643 958 3711 ita
986 3659 1021 3711 ut
1048 3641 1128 3711 folio
1167 3664 1262 3711 verso
1300 3640 1482 3712 terminetur

603 3785 677 3831 cum
700 3783 743 3852 17
759 3760 858 3835 lineis.
879 3757 972 3831 Folio
993 3757 1135 3859 sequenti
1157 3757 1265 3853 incipit
1286 3756 1482 3853 Triumphus

605 3902 722 3949 amoris
746 3901 818 3951 sict
1500 3899 1503 3905 ·
