3742 5109
546 598 643 676 AD
694 589 967 673 ANNUM
1021 590 1126 688 1480.
1232 614 1297 676 trt

421 766 557 817 nuenses
572 733 726 829 trictavi,
742 736 886 835 perfect&
902 736 1077 808 convenire
1096 736 1177 809 inter
1196 764 1231 811 se
1247 740 1305 814 de·

420 860 574 959 prehendi
585 901 606 949 ,r
620 877 653 931 et
674 877 844 953 utrumque
865 855 1022 927 Bonouiae
1044 854 1198 951 prodiisse
1219 862 1303 957 typis

424 970 603 1081 Azzqguidi
619 976 828 1052 Bononiensis
838 974 922 1047 circa
940 998 1044 1067 1472.

444 1086 448 1095 ¹
472 1096 608 1168 Constat
629 1119 697 1192 147
719 1090 812 1167 loliis.
829 1091 1001 1185 Columnae
1018 1092 1147 1192 irltegrae
1164 1114 1237 1171 tunt
1253 1120 1305 1190 40
1381 1155 1384 1160 .

425 1219 590 1292 linearum.
700 1235 702 1238 ·

380 1438 434 1533 50
463 1415 558 1505 Joh.
585 1411 701 1533 Balbi
722 1409 1025 1499 vocabularium
1048 1412 1320 1504 catholicon·

434 1546 575 1633 In-fol.
605 1550 818 1680 Monimo,
847 1576 904 1632 m.
928 1576 963 1634 r.
1355 1544 1360 1559 ’

477 1741 594 1833 Incqvit
619 1765 743 1809 summo
771 1765 837 1833 quo
855 1760 962 1812 vocatr
987 1740 1165 1813 catholicon
1189 1744 1267 1813 edito
1287 1768 1310 1813 a
1336 1766 1341 1773 ‘

421 1856 522 1950 fratrc
529 1858 672 1949 johanne
687 1856 749 1928 dc
727 1882 837 1947 janua
849 1860 937 1931 orats
943 1856 1033 1949 fratr
1040 1860 1193 1953 μᾶἱεατοῖ.
1220 1860 1311 1933 Talis

431 1995 479 2049 est
495 1977 609 2049 titulus.

480 2088 684 2167 Terminatur
705 2092 787 2173 veri)
808 2095 889 2167 folio
904 2122 1001 2168 verso
1019 2095 1109 2187 cujus
1128 2097 1228 2193 prima
1250 2125 1312 2172 co*
1387 2080 1396 2099 ¹*

435 2208 638 2311 lumna,quae
650 2215 760 2286 ultima
768 2233 814 2285 est
825 2215 1315 2316 vocabulariifhabet65lineas3
1341 2289 1345 2297 ,

432 2354 553 2421 etcum
570 2334 713 2430 sequenti
731 2332 906 2422 columna,
924 2360 996 2429 quae
1016 2354 1064 2405 est
1088 2355 1198 2431 quarta
1214 2336 1316 2407 ultimi

434 2453 529 2542 folii,
556 2453 704 2549 legitur:
734 2455 844 2544 Operis
867 2455 962 2524 tocius
995 2456 1158 2593 conclusio.
1189 2455 1239 2525 Ex
1270 2478 1312 2551 23

434 2553 535 2644 lirieis.

482 2689 653 2762 Colurnnae
669 2689 752 2762 vero
769 2689 902 2787 integrae
919 2708 1069 2763 constant
1084 2715 1126 2763 ex
1144 2693 1202 2786 67.
1220 2690 1318 2764 Deli

436 2808 524 2880 ciunt
541 2810 725 2903 signaturae,
749 2810 874 2881 numeri
897 2829 929 2881 et
956 2810 1116 2884 custodes.
1139 2808 1320 2883 character

436 2926 522 2998 idem
547 2953 613 3023 quo
638 2928 809 2999 Mantelius
834 2953 906 2999 usus
926 2946 974 3000 est
995 2954 1055 3023 pro
1078 2931 1215 3021 Speculc's
1235 2934 1321 3001 Vin·

437 3049 526 3116 centii
547 3048 776 3118 Bellovacensis
793 3065 825 3117 et
847 3069 908 3141 pro
926 3036 1069 3120 Mutuo
1081 3050 1263 3140 Sylvarico,
1289 3067 1323 3128 et
1370 3052 1372 3055 ’
1439 3067 1444 3089 ’

436 3165 472 3236 in
489 3192 531 3237 eo
546 3165 632 3260 saepd
650 3168 771 3238 occurit
788 3161 849 3265 R
864 3166 1037 3263 singularis·

489 3285 572 3356 Inter
584 3286 825 3381 Bibliographos
838 3285 982 3356 nonnulli
995 3283 1167 3358 editionem
1177 3287 1259 3357 hanc
1273 3312 1324 3357 an·

441 3403 610 3499 tiquioretn
627 3402 665 3475 ed
683 3429 754 3501 quae
773 3402 889 3498 prodiit
906 3403 1083 3499 Moguntiae
1102 3429 1189 3474 anno
1210 3400 1326 3497 1460,

442 3519 659 3613 affirmarunt,
682 3523 764 3593 inter
783 3547 865 3617 quos
886 3520 1024 3618 Prosper
1047 3521 1277 3609 Marchandd
1263 3526 1328 3594 lu's

443 3645 515 3711 toirc
534 3646 569 3711 dc
585 3644 810 3740 l'imprimcric,
821 3669 898 3738 pag.
918 3666 982 3737 37,
1000 3639 1056 3713 sed
1072 3630 1211 3750 maxim&
1225 3647 1330 3734 partic

442 3764 593 3849 seconde,
613 3788 690 3858 pag.
740 3785 815 3859 34,
837 3761 891 3833 ubi
913 3759 1041 3836 deducit
1062 3786 1171 3836 causas
1193 3787 1258 3834 suae
1274 3786 1328 3833 as·

447 3879 604 3955 tertionis.
