3742 5109
528 548 604 648 386
800 542 1189 617 rruuisuu

585 704 683 791 lium
708 706 799 787 cu'm
821 723 1011 812 apparatu
1034 702 1059 791 J
1063 731 1153 786 oan.
1174 700 1364 787 Andreae
1393 708 1480 794 Bo·

487 924 494 938 ,
586 842 808 923 noniensis.
829 833 948 946 Impr.
966 833 1005 919 B
1007 837 1131 918 usileae
1144 868 1217 949 per
1232 836 1478 925 Michaelem

589 973 655 1058 W
649 972 767 1052 ensler
801 968 939 1080 1476,
968 997 1099 1052 octavo
1123 968 1216 1052 Idus
1246 967 1368 1058 Iulii.
1403 976 1478 1058 In·
1598 1058 1604 1066 ,

584 1101 656 1188 fol.
681 1131 736 1186 m.
763 1132 796 1186 r.

627 1314 822 1409 Subscriptio
833 1316 931 1385 rubro
942 1314 1140 1403 charactere,
1153 1313 1232 1385 sicut
1248 1334 1282 1385 et
1296 1314 1475 1414 Typogra·
1551 1406 1555 1417 ¹

577 1433 634 1528 phi
654 1434 784 1529 insignia
801 1434 1032 1528 imprimuntur.
1049 1432 1180 1530 Absque
1197 1435 1391 1529 signaturis,
1414 1464 1476 1509 nu·

560 1551 673 1632 ¹meris
695 1569 726 1622 et
747 1550 939 1625 custodibus.

535 1798 586 1859 10
627 1767 825 1854 Bonifacii
862 1768 979 1879 Papae
1018 1769 1174 1853 Sextus
1194 1741 1476 1859 decretalium.
1575 1741 1582 1852 i

585 1903 801 2016 Mogontiae
823 1900 964 1985 Petrus
997 1898 1200 2015 Schoyffer
1229 1906 1340 2015 1476
1354 1963 1373 2011 ‚
1411 1909 1476 1989 die

587 2038 689 2117 nond
703 2034 855 2116 Mensis
868 2030 1060 2119 Ianuarii.
1076 2033 1218 2120 In·fol.
1248 2066 1303 2119 m.
1332 2067 1368 2122 r.

635 2246 797 2319 Accurate
837 2244 1021 2317 describitur
1074 2247 1211 2341 catalogi
1247 2246 1279 2316 la
1318 2250 1474 2322 Vallidre

579 2364 640 2435 N0·
670 2388 773 2465 ¹⁰53·
792 2364 899 2435 Editio
920 2366 1015 2455 haec,
1037 2365 1116 2436 sicut
1136 2364 1349 2461 praecedens,
1374 2370 1476 2441 habet

580 2511 670 2556 suam
694 2484 957 2580 subscriptionem
985 2510 1004 2554 a
1028 2501 1115 2556 textu
1145 2484 1233 2554 omni
1260 2506 1474 2579 separatam,

511 2624 519 2646 ··
579 2604 660 2674 folio
692 2604 813 2676 ultimo.
852 2600 955 2692 Hujus
987 2601 1131 2673 editionis
1152 2602 1279 2697 ‘pagina
1311 2609 1476 2701 paginae,

580 2721 664 2791 linea
689 2722 779 2790 lineae
806 2718 1057 2815 correspondent
1078 2721 1120 2790 illi
1147 2724 1227 2791 anni
1256 2744 1346 2818 1473
1371 2751 1384 2811 3
1417 2724 1476 2797 sed

581 2857 689 2908 tamen
710 2838 789 2907 vere
814 2859 860 2909 est
883 2837 980 2908 editio
1004 2838 1157 2930 diversa,
1185 2858 1220 2911 ut
1240 2842 1384 2934 probant
1413 2847 1511 2943 ab«w
1539 2930 1544 2940 ⁸

580 2952 814 3024 breviationum
836 2955 1004 3026 varietates
1026 2957 1060 3027 in
1087 2959 1184 3028 totius
1212 2959 1389 3030 voluminis
1418 2960 1475 3032 de·
1534 3004 1536 3008 ·

582 3097 685 3143 cursu.
709 3070 802 3142 Hanc
825 3074 984 3167 ignoravit
999 3074 1195 3149 Wurdtvein
1217 3072 1248 3146 in
1269 3075 1328 3147 sud
1348 3055 1476 3151 Biblio-
1498 3107 1508 3121 ⁰

583 3193 667 3260 theca*
685 3192 886 3287 Mogurrtind.

538 3437 585 3493 11
613 3406 852 3529 Calendario
880 3408 921 3492 di
942 3346 1066 3494 Giou.
1090 3396 1300 3495 da'rnonte
1328 3412 1472 3530 Regio

593 3539 850 3653 (Molleri.)
879 3540 1075 3654 Stampato
1110 3543 1280 3628 Veneriis
1320 3551 1472 3656 1476,

592 3673 768 3757 Bernard
783 3676 925 3775 Pictor,
940 3674 1076 3756 Petrus
1085 3672 1240 3757 [orlein
1255 3705 1289 3757 et
1298 3673 1471 3765 Erhord.
1491 3744 1493 3749 ,

343 3824 353 3843 ²
454 3924 461 3941 .
592 3802 762 3891 Ratdolr.
789 3803 930 3890 In-fol.
960 3868 975 3926 Ι.
