3742 5109
609 604 1007 706 'ANN01us
1225 633 1288 703 nr

413 744 460 841 pis
484 743 685 840 expostulari.
712 743 763 814 Sic
784 743 869 813 enim
891 744 923 813 in
946 742 1009 814 line
1034 743 1136 841 operis
1160 745 1294 841 legitur:

315 883 322 891 “
413 887 450 932 ιιι
483 887 584 933 antem
618 865 796 954 opusculum
831 863 886 930 lroc
925 864 1010 953 qnod
1041 889 1139 932 manu
1165 869 1305 955 propria.

361 1014 367 1025 ·
414 984 558 1073 scriptum
575 982 824 1051 reverendissime
837 982 1019 1070 paternitati
1036 1004 1094 1050 cue
1116 979 1294 1081 (Episcop.

414 1094 665 1240 Rtpisponeusi)
694 1100 899 1193 corrigendum
927 1100 1226 1192 approbandomque
1240 1104 1294 1169 ob-

412 1220 539 1285 tuleram
557 1219 700 1307 plrcribzcs
717 1218 859 1307 prodesse
882 1219 1033 1285 erc-locius
1053 1219 1209 1314 divulgari·
1216 1245 1293 1310 pos·

414 1337 463 1406 sit.
488 1335 731 1428 Diligentissima
755 1356 912 1403 correctum
943 1357 1007 1402 arce
1032 1338 1223 1425 impressoria
1256 1338 1292 1404 in
1398 1348 1400 1351 ’

407 1454 564 1544 presencia
582 1476 650 1520 mea
660 1453 795 1548 figrcrari
811 1449 872 1538 feci
874 1502 985 1524 .......
1010 1455 1089 1521 nolli
1114 1456 1214 1544 itaque
1233 1454 1292 1522 im-

407 1571 542 1661 pressori
570 1574 746 1670 opusculum
775 1572 830 1637 boc
862 1571 1029 1659 imprimere
1056 1572 1143 1638 liccat
1168 1573 1232 1642 nisi
1255 1572 1291 1639 in

347 1776 349 1778 Ι
410 1691 524 1784 linguis
540 1688 699 1777 hebraica,
715 1691 871 1780 latinaque
885 1707 1070 1757 correctorem
1089 1687 1200 1756 lrabeat
1211 1712 1292 1757 corn·

403 1828 538 1897 perennc
558 1808 748 1877 instructum.
823 1879 827 1882 ,
1374 1798 1389 1819 ”

360 1949 361 1953 ’
456 1948 621 2043 Volumen
644 1947 709 2016 hoc
732 1970 799 2015 non
824 1944 935 2039 parlim
958 1942 1093 2015 utilitatis
1118 1942 1207 2014 affert
1229 1968 1290 2039 pro

408 2062 537 2157 antiqua
557 2061 799 2157 Typographiae
826 2059 965 2131 historil.
990 2040 1096 2129 Habet
1119 2060 1290 2153 signaturas

320 2180 323 2185 ’
395 2204 506 2259 -manu
528 2197 668 2248 exaratas
694 2178 727 2245 in
750 2175 807 2246 orzi
835 2174 976 2246 extremi
1001 2175 1163 2245 foliorum.
1193 2173 1291 2245 Desi-

408 2294 555 2366 derantur
577 2290 723 2365 custodes
752 2320 790 2365 ac
812 2292 936 2363 numeri
953 2318 965 2379 ;
980 2291 1046 2364 sed
1069 2290 1215 2388 quaedam
1238 2293 1289 2362 lit-

408 2433 484 2486 terae
505 2413 690 2509 principales
711 2412 817 2485 incisae
839 2432 921 2484 sunt.

457 2552 627 2646 Exemplar
648 2552 773 2647 elegans
796 2550 865 2621 libri
886 2546 1042 2621 rarissimi.

360 2798 415 2884 34
444 2767 606 2854 Nicolai
640 2769 792 2853 Perotti
827 2766 1051 2851 rudimenta
1089 2761 1294 2879 gramma--

301 2896 344 2956 ··'
414 2909 526 2989 tices.
557 2900 693 2987 In·fol.

306 3117 317 3135 ⁶
455 3116 493 3184 ln
517 3117 579 3185 fine
605 3117 738 3211 legitur:
754 3139 881 3206 presens
906 3114 967 3183 licec
993 3112 1161 3205 regularum
1179 3134 1308 3205 gram·¹

407 3234 568 3304 marnatis
584 3234 713 3321 ipressio
728 3234 763 3298 irc
777 3232 877 3299 studio
896 3230 1053 3303 Patauino
1062 3222 1155 3314 faeta
1167 3230 1228 3316 per¹
1240 3251 1286 3294 me

398 3350 586 3443 magistrum
601 3348 760 3414 Albcrrum
781 3348 815 3412 de
836 3347 976 3412 Sr'e'dalia
995 3344 1126 3436 diligito
1145 3343 1285 3433 laborem

391 3490 500 3538 enno,
510 3466 628 3533 domini
644 3462 693 3567 M.
711 3459 846 3532 CCCC.
861 3458 1019 3550 LXXV,
1038 3461 1084 3527 die
1097 3484 1165 3543 vero
1178 3458 1289 3529 XVII
1305 3524 1306 3527 ,

405 3585 518 3653 mensis
538 3584 639 3654 lunii.

332 3777 335 3785 ·
446 3740 525 3811 Non
544 3740 638 3810 habet
663 3738 774 3834 signat.
799 3761 859 3808 nec
885 3730 1058 3823 custodes,
1079 3728 1134 3803 sed
1161 3730 1192 3802 in
1220 3731 1283 3801 fine

399 3880 486 3933 extat
513 3859 676 3955 registrum
705 3857 960 3953 quaternionum.
990 3852 1208 3948 Pagiuaenou
1234 3849 1284 3919 di·

1039 3971 1097 4041 Aa
1114 3966 1133 4057 ij
