3742 5109
544 576 596 654 aa
657 601 662 610 ·
714 536 1298 673 rrssnruutuu0'1470‚

326 877 334 914 θ
454 798 459 806 ’
544 780 570 863 8
599 751 761 861 Aibetti
788 776 935 891 Magni
962 803 1064 887 opus
1089 772 1140 859 de
1166 772 1348 859 laudibus
1374 770 1471 858 Vir⁴

601 913 708 1024 ginis
731 910 888 1009 Mariae.
912 905 1060 992 In·fol.
1085 914 1273 991 maximo.
1294 934 1349 989 m.
1376 936 1411 990 r.
1521 1001 1523 1004 .

639 1107 723 1192 Duo
752 1136 895 1213 praeeunt
923 1117 1013 1213 operi
1040 1116 1117 1189 folia
1147 1116 1338 1213 praefationis
1365 1126 1400 1187 et'
1424 1116 1472 1185 in·

592 1218 687 1309 dicis,
699 1238 732 1289 et
743 1218 868 1313 capitali
878 1218 1060 1288 charactere
1071 1218 1180 1313 incipit
1191 1242 1272 1312 opus
1284 1216 1331 1285 his
1345 1215 1470 1287 verbis:

591 1339 714 1408 Missus
739 1359 784 1406 cst
801 1338 942 1431 Angelus
966 1334 1103 1409 Gabriel.

638 1474 749 1546 Verba
778 1475 848 1545 haec
875 1472 1004 1544 occasio
1031 1472 1157 1544 fuerunt
1181 1462 1311 1544 Placido
1336 1462 1473 1563 litatum

591 1591 749 1665 indicandi
771 1617 851 1687 opus
871 1590 929 1663 sub
946 1590 1060 1664 titulo:
1081 1593 1249 1683 questiones
1269 1616 1359 1683 super
1372 1617 1471 1662 evau-

587 1714 698 1809 geliwn
708 1713 856 1783 :Musas
870 1733 933 1800 est,
948 1710 1036 1805 (pag.
1057 1711 1132 1807 ις.)
1148 1708 1226 1780 ‘Hoc
1238 1709 1326 1779 enirn
1339 1734 1419 1804 opus
1435 1710 1469 1780 in

591 1830 727 1926 capitula
751 1846 816 1927 275
841 1827 1018 1917 dividitur,
1041 1818 1221 1924 eodemque
1242 1826 1344 1899 modo
1365 1822 1471 1903 termi-

589 1968 683 2019 natur
701 1967 738 2019 ac
753 1945 909 2017 editiones
925 1945 1163 2041 praecedentes,
1180 1929 1221 2015 eit
1240 1945 1471 2017 characteribus

588 2065 682 2138 Zeltii
700 2086 733 2138 et
759 2050 934 2137 Wensleri.
962 2063 1101 2154 Aliunde
1130 2082 1309 2136 accuratam
1335 2062 1472 2159 descrip-

583 2186 712 2271 tionem
740 2177 916 2271 extruat,
946 2205 978 2255 et
1003 2183 1160 2254 stantano
1192 2164 1363 2255 editionem
1388 2183 1472 2253 nanc

588 2295 783 2399 adscripsit,
812 2329 853 2375 cx
877 2302 1102 2375 conformitate
1124 2301 1345 2394 characteris,
1372 2300 1472 2374 dictus
1542 2317 1544 2322 '

572 2421 710 2495 'Braun

291 2529 389 2598 50·

466 2647 567 2731 9
597 2616 813 2703 Albertani
838 2614 1045 2703 Causidici
1072 2635 1262 2705 tractatus
1288 2616 1339 2702 de
1368 2616 1469 2703 doc

596 2749 703 2835 trina
728 2748 890 2857 dicendi
910 2776 951 2833 et
972 2749 1147 2836 tacendi
1175 2796 1229 2822 ⁶-
1253 2749 1395 2842 Jacobi
1418 2750 1471 2835 de

594 2883 780 2996 paradiso
820 2880 974 2969 ordinis
1006 2884 1287 2969 carthusiensis
1326 2884 1471 2970 domus

595 3041 743 3100 sanctae
773 3016 946 3132 Agnetis
973 3015 1080 3128 apud
1101 3014 1340 3103 Erffurdiam
1367 3041 1471 3102 trac·

393 3198 484 3225 ·-.
593 3171 699 3233 tatus
725 3146 776 3233 dc
804 3154 970 3236 veritate
997 3147 1168 3236 dicenda
1194 3176 1262 3236 aut
1291 3148 1470 3236 tacenda.

593 3277 765 3366 In·fol.·
1537 3276 1541 3281 ⁵

634 3470 803 3544 Tractatus
826 3474 945 3569 primus
967 3494 1092 3547 constat
1120 3496 1143 3571 9
1168 3467 1284 3566 foliis,
1312 3469 1470 3547 secundus

587 3589 668 3661 verd
695 3615 736 3660 ex
763 3615 819 3684 19.

527 3767 531 3774 .
633 3706 756 3777 Primus
772 3709 956 3781 terminatur
978 3709 1025 3780 his
1047 3708 1173 3781 verbis·
1197 3734 1225 3781 er
1241 3713 1286 3782 sie
1306 3731 1351 3782 est
1360 3710 1470 3800 ῄηὶε,Ι

586 3849 658 3922 quae
683 3822 826 3955 efficiunt
849 3828 965 3901 lineam
988 3852 1066 3928 323
1093 3827 1256 3904 secundus
1272 3827 1382 3959 verda
1410 3856 1469 3898 ex

1378 3946 1473 4039 plicis
