3742 5109
547 555 593 643 'tr

598 553 623 634 4·
817 503 1243 611 rrrrrstro'

603 680 701 760 teria
727 675 947 759 Grammat.
975 673 1025 759 de
1053 674 1313 792 ortographia
1336 669 1483 766 dictio·

602 837 700 894 num
730 803 835 892 libri.
864 805 1011 891 Iri-fol.
1043 809 1238 893 Maximo.

509 991 520 1006 '
643 999 681 1070 in
702 995 765 1068 fine
787 996 921 1094 legitur:
945 999 1130 1091 insculptum
1153 1021 1199 1069 est
1215 1000 1323 1070 Romu
1338 1002 1373 1069 in
1390 1003 1483 1072 domo

595 1117 633 1190 'de
657 1119 835 1188 Tatacoxts
857 1118 913 1185 sub
924 1116 1022 1206 jussu
1045 1119 1146 1188 Uirici
1168 1118 1257 1188 Galli
1280 1119 1436 1189 Teutonici
1454 1142 1485 1191 et
1518 1179 1523 1189 .

596 1238 737 1306 Simonis
761 1236 885 1303 Nicolai
907 1236 1053 1305 Lucensis
1076 1260 1163 1305 anno
1190 1238 1241 1307 do.
1265 1234 1314 1308 M.
1342 1233 1482 1311 CCCC.

543 1450 549 1460 Ι
599 1353 725 1426 LXXI.
753 1354 836 1424 Pon.
863 1353 950 1421 Sixti
978 1354 1082 1443 IIII,
1111 1357 1254 1450 genuisis
1283 1380 1370 1423 anno
1392 1358 1482 1447 pino.

646 1472 916 1566 Subscriptionem
928 1471 1067 1567 sequitur
1079 1471 1191 1542 folium
1205 1471 1482 1568 quintemionum,

597 1610 631 1663 et
653 1590 849 1687 praemittitur
871 1589 964 1683 operi
990 1589 1192 1685 prohemium
1216 1590 1316 1661 fratris
1336 1589 1415 1661 Adae
1442 1591 1484 1662 de

597 1708 763 1783 Montalto
790 1706 831 1779 ad
853 1706 1032 1809 Philippum
1054 1706 1340 1804 Archiepiscopum
1367 1709 1484 1781 Arela-

597 1846 743 1901 tensem:
767 1845 799 1897 et
820 1826 914 1924 ipsius
937 1822 1084 1908 Tortellii
1113 1824 1236 1896 Aretini
1265 1828 1480 1920 prohemium.

647 1944 754 2017 Editio
775 1942 1028 2041 elegantissima,
1048 1938 1137 2034 cujus
1158 1945 1281 2040 pagine
1302 1946 1335 2015 in
1359 1947 1484 2019 colum·
1596 1935 1604 1953 ’

570 2137 573 2144 ,
597 2088 655 2137 nas
677 2061 894 2161 dividuntur„

647 2181 746 2256 Caret
766 2182 901 2279 signat,
924 2181 1013 2254 num.
1032 2199 1063 2253 et
1078 2179 1202 2253 custod.
1220 2179 1304 2253 Vide
1321 2207 1392 2279 quae
1409 2200 1484 2279 post

598 2300 758 2375 Mairtaire
775 2300 849 2373 dicit
872 2299 1033 2394 Debure‚
1057 2298 1127 2374 ΝΟ.
1153 2324 1258 2397 2272.

552 2543 607 2634 37
635 2519 704 2610 Jo.
731 2505 921 2604 Tortellii
946 2544 1161 2603 comment.
1190 2518 1410 2601 Grammat.
1432 2516 1484 2605 de

606 2650 908 2765 orthographia
934 2647 1159 2742 dictionum
1190 2648 1296 2735 libri.
1333 2650 1483 2738 In·fol.

603 2785 801 2877 Maximo.
827 2810 882 2865 m.
912 2779 1026 2868 verd.
1076 2850 1078 2855 .
1137 2857 1141 2863 .
1191 2871 1196 2876 ,

646 2970 775 3066 Legitur
802 2971 835 3039 in
861 2971 952 3043 fine:
976 2972 1056 3062 finit
1088 2996 1208 3068 1471,
1230 3000 1288 3067 per
1317 2977 1483 3047 Nicolaum

501 3155 503 3159 .
597 3089 725 3166 'Jnnson
748 3090 882 3159 Veneriis
894 3087 1024 3179 feliciter
1041 3093 1232 3183 impressum.
1262 3095 1336 3165 Deo
1354 3098 1483 3192 gratias.

598 3209 694 3306 Opus
715 3208 824 3303 incipit
845 3207 1027 3281 immediate
1046 3211 1219 3305 prohemio
1235 3210 1393 3287 Torrellii.
1418 3212 1483 3283 Pa-

464 3329 466 3333 ’
598 3330 683 3428 gine
700 3327 737 3398 in
759 3328 924 3398 columnas
943 3353 1013 3401 non
1030 3328 1224 3404 dividuntur.

647 3446 823 3518 Charncrer
843 3464 891 3518 est
911 3446 1061 3543 elegeon
1083 3449 1203 3545 absque
1227 3449 1365 3545 signat,
1390 3474 1482 3520 num.

511 3613 514 3618 -
599 3585 634 3639 et
655 3562 849 3636 custodibus.
873 3563 1037 3655 Quaenam
1059 3583 1166 3636 aurem
1188 3567 1226 3636 sit
1246 3567 1414 3662 princeps,
1440 3591 1482 3635 an

526 3717 535 3726 *
599 3684 694 3771 haec,
716 3706 759 3751 an
780 3680 956 3754 Romana?
978 3680 1104 3752 difficile
1125 3684 1208 3753 foret
1231 3680 1384 3767 definire;
1407 3679 1481 3751 licit

598 3819 660 3900 pto
668 3796 818 3873 Romane
825 3797 963 3895 probare
974 3796 1117 3871 videatur
1125 3801 1251 3890 epistola
1259 3800 1340 3870 Adae
1345 3801 1380 3867 de
1387 3798 1481 3877 Mon·
