3742 5109
482 611 637 687 -AD
685 611 956 686 ANNUM
1009 632 1114 710 1470.
1245 629 1304 710 ’4ς-

406 755 484 882 ¹Di
513 751 686 840 Niccolo
719 752 771 839 de
803 755 913 838 Lita.
939 755 1091 866 In·4⁰.
1127 780 1296 868 magno.

467 924 627 1000 Accuratd
644 924 827 997 describitur
843 926 978 1021 catalog.
995 925 1130 1015 Pinelli,
1154 923 1214 996 N⁰.
1240 951 1297 1023 27.

417 1045 594 1117 Giaracter
617 1065 724 1117 autem
749 1046 904 1143 pertinere
927 1025 1051 1116 videtur
1073 1039 1207 1116 adeum
1231 1072 1297 1143 quo

419 1166 475 1235 vel
493 1165 582 1236 Ulric
599 1158 697 1255 Han,
717 1164 833 1237 Romae
852 1162 969 1255 1468,
988 1166 1158 1234 Ciceronem
1176 1168 1211 1234 de
1228 1191 1300 1235 ora·

418 1303 505 1370 tore3
530 1286 582 1355 vel
606 1283 708 1356 Sixtus
730 1283 900 1379 Russinger
928 1282 1069 1378 Neapoli
1095 1283 1179 1354 circa
1207 1259 1300 1378 1470

418 1405 550 1473 Sextum
573 1399 706 1501 Ruffitm
727 1402 892 1499 impressit.

468 1536 592 1630 Deficit
623 1559 731 1612 autem
763 1540 875 1612 folium
906 1541 1054 1636 primum.

370 1740 424 1823 43
456 1714 544 1799 Titi
562 1717 667 1803 Livii
688 1718 939 1802 historiarum
959 1715 1052 1801 libri
1072 1723 1301 1831 superstites

428 1846 509 1932 una
536 1879 631 1934 cum
665 1879 797 1936 earum
829 1856 1033 1962 epitome,
1064 1877 1106 1935 et
1132 1850 1302 1963 epistoizi

425 1983 550 2074 Joan.
564 1985 726 2068 Anton.
740 1984 950 2095 Campani.
963 1981 1080 2097 Impr.
1090 1982 1221 2067 Romae
1233 1984 1305 2067 Ul·

425 2118 483 2202 n‘c
495 2114 593 2200 Han
610 2114 736 2228 (circa
751 2116 901 2228 1469.)
914 2114 1058 2204 Iri-fot.
1069 2116 1192 2202 Tomi
1206 2115 1302 2205 duo.

494 2269 684 2340 Eorrro
710 2286 970 2341 astrueres.

466 2405 674 2480 Describitur
698 2406 834 2480 Debure
859 2407 919 2479 ΝΟ.
943 2406 1053 2498 4800.

469 2562 675 2644 Praemittitur
691 2563 822 2658 epistola
842 2561 1025 2658 Campani,
1044 2562 1187 2659 sequitur
1205 2564 1309 2660 epito·

418 2708 477 2755 me
488 2682 545 2780 qui
555 2681 710 2754 clauditur
718 2682 815 2752 solitis
827 2682 983 2754 versibus:
996 2686 1102 2762 Anser
1113 2683 1238 2776 Tarpeij
1246 2710 1313 2776 eus·¹

418 2827 472 2877 ros
488 2820 553 2875 etc.
573 2852 586 2893 ,
609 2818 642 2872 et
662 2799 696 2870 in
713 2800 779 2873 fine
794 2798 939 2872 Decadis
952 2799 1025 2889 tv,
1048 2800 1143 2874 iidem
1166 2803 1310 2898 leguntur

419 2944 548 3001 ,versus
736 3010 741 3019 .

471 3040 575 3113 Caret
592 3038 708 3135 signat.
730 3045 765 3112 'et
787 3036 912 3111 custod.
935 3037 1000 3110 Sed
1015 3038 1047 3110 in
1065 3039 1128 3111 fine
1145 3037 1313 3134 epitomej

417 3159 497 3232 ante
520 3184 635 3231 versus
657 3161 764 3230 Anser
786 3158 911 3250 Tarpeij
936 3178 1024 3247 etc„
1042 3177 1127 3230 extat
1148 3158 1312 3255 registrum

417 3279 517 3375 primi
542 3277 636 3349 verbi
653 3275 818 3365 cujuslibet
837 3277 930 3367 libri,
948 3277 990 3349 ita
1011 3277 1095 3347 utin
1116 3276 1180 3348 hoc
1202 3275 1314 3347 ordine

414 3424 490 3472 non
524 3394 712 3492 praecedere
744 3393 799 3467 sed
823 3394 975 3493 postponi
1003 3391 1117 3465 debeat
1144 3393 1315 3488 epitome,
1353 3469 1355 3474 ,

412 3516 631 3618 quodetiam
648 3516 755 3586 evenit
771 3515 803 3584 in
818 3513 958 3585 editione
969 3513 1105 3585 Andreae
1124 3514 1315 3605 Auriensis,

408 3640 502 3711 anni
533 3656 672 3725 1470..

463 3753 496 3826 A
501 3751 671 3850 ppellatur
681 3754 769 3820 editio
780 3754 920 3844 princeps
933 3750 966 3820 in
978 3750 1148 3847 specimine
1165 3750 1317 3823 historico

399 3868 678 3979 Typographiae
689 3868 845 3942 Romanae
857 3868 971 3941 decimi
984 3871 1083 3967 quinti
1099 3870 1214 3945 saeculi.
1230 3869 1317 3940 Alie·
