3742 5109
591 549 732 687 398⁸
860 575 1251 649 LIBRISUB

689 733 783 835 Saepe
799 734 952 831 contingit
970 734 1139 830 septimum
1153 732 1323 806 desiderari
1343 734 1470 810 folium
1488 766 1545 814 ex·

536 914 543 928 .
640 860 752 931 hibens
774 855 939 951 epistolam
961 852 1153 949 praedictam.

689 975 816 1047 Tomus
839 972 918 1045 veri>
941 971 1097 1045 secundus
1121 973 1164 1044 sic
1186 972 1296 1069 incipit
1321 973 1411 1045 folio
1443 1001 1540 1049 verso

643 1121 716 1170 ante
735 1089 900 1168 indicem:
926 1094 1025 1162 lectori
1044 1094 1284 1183 prestantissimi
1309 1116 1340 1162 ee
1361 1098 1449 1164 della
1473 1099 1540 1166 his-

643 1220 722 1287 toria
753 1220 942 1310 longamente
962 1214 1053 1303 periti
1084 1214 1203 1303 sapiate
1226 1236 1308 1280 come
1339 1217 1373 1281 le
1394 1237 1540 1305 presente

644 1339 714 1404 deca
731 1355 810 1430 terea
828 1333 860 1399 di
881 1331 950 1398 Tito
971 1332 1045 1402 livio
1047 1383 1128 1403 .....
1150 1333 1278 1399 ensieme
1293 1356 1352 1398 eon
1376 1335 1412 1399 la
1429 1336 1539 1425 prima

644 1455 684 1523 ab
706 1454 777 1521 urbe
799 1451 947 1538 condita,
969 1470 998 1517 et
1018 1453 1052 1518 la
1079 1471 1190 1540 quarta
1214 1450 1293 1517 della
1319 1476 1437 1544 guerra
1461 1453 1538 1521 Ma·

643 1572 889 1642 adonim-son
918 1589 995 1637 state
1022 1570 1185 1638 Fidelmete
1206 1570 1399 1659 interpretate
1429 1593 1459 1639 et
1482 1596 1539 1639 con

643 1715 766 1762 summa
793 1689 949 1784 diligentia
981 1690 1014 1757 di
1045 1690 1143 1756 latino
1174 1690 1210 1755 in
1245 1710 1387 1757 matema
1428 1694 1539 1785 lingua

645 1811 800 1879 traducte:
818 1826 940 1873 correcte
963 1825 992 1871 et
1013 1806 1154 1895 impresse
1178 1809 1261 1874 nella
1283 1809 1344 1875 cita
1368 1809 1404 1875 di
1429 1809 1539 1876 Roma

578 1925 582 1933 ’
638 1951 745 2019 presso
773 1951 794 1993 a
823 1949 885 1994 san
912 1947 1016 1991 marco
1046 1943 1126 1991 sotto
1150 1925 1195 2018 gli
1228 1926 1309 1992 anni
1338 1927 1388 1994 del
1414 1926 1464 1994 N.
1501 1930 1537 1995 S.

512 2044 514 2046 ’
586 2106 589 2112 .
644 2024 719 2119 leste
742 2044 861 2113 Christo
885 2044 967 2113 milk
995 2063 1105 2133 quatro
1138 2064 1221 2111 cento
1257 2064 1390 2113 sescenta
1417 2048 1464 2113 sei
1485 2046 1539 2115 adi

645 2166 727 2237 XX
744 2166 794 2233 del
811 2189 888 2233 mese
910 2164 943 2231 di
966 2160 1075 2251 Iulio,
1100 2155 1163 2234 et'c.
1189 2180 1249 2234 etc.

693 2301 785 2372 Folio
807 2298 888 2372 veri>
914 2300 1057 2394 sequenti
1069 2299 1186 2394 incipit
1208 2300 1314 2371 tabula
1335 2296 1537 2375 rubricarum

646 2419 745 2491 tertiae
767 2416 910 2489 Decadis
930 2443 1001 2513 quae
1024 2416 1060 2486 X
1079 2407 1157 2487 folia
1178 2437 1327 2513 occupat.
1350 2419 1469 2492 deind&
1488 2422 1538 2491 in-

645 2538 720 2633 cipit
738 2537 827 2608 tertia
850 2534 943 2607 decas
960 2536 1007 2605 his
1034 2536 1158 2607 verbis:
1173 2538 1272 2628 finita
1292 2543 1325 2607 la
1340 2542 1451 2632 prima
1466 2543 1539 2610 dece

646 2659 679 2726 di
696 2657 766 2724 Tito
783 2656 873 2726 Livio
890 2657 1048 2726 Patavino
1062 2655 1202 2724 historico
1220 2657 1277 2724 dal
1284 2660 1538 2729 eominciamento

562 2760 564 2764 ¹
645 2777 718 2843 delle
738 2775 809 2842 eiua
831 2776 865 2841 di
887 2773 994 2842 Roma
1018 2776 1134 2868 seguita
1162 2778 1195 2843 la
1218 2798 1330 2871 terea,
1357 2797 1420 2849 etc.
1451 2797 1483 2849 et
1505 2779 1538 2848 in

645 2892 710 2961 fine
731 2891 871 2985 legitur:
899 2894 1016 2985 seguita
1042 2895 1188 2981 ilprimo
1218 2896 1295 2962 libro
1319 2897 1407 2964 delle
1423 2919 1551 2987 quarta·
1581 2936 1584 2941 ·

646 3010 748 3080 Dece.
770 3010 912 3079 Decedes
929 3011 1026 3079 ambe
1044 3035 1111 3078 cum
1133 3015 1267 3102 sequenti
1286 3014 1401 3103 quarta*
1416 3017 1453 3083 in
1471 3003 1602 3130 uno)

646 3130 800 3202 volumine
817 3130 966 3219 impresse
980 3126 1115 3217 fuerunt
1134 3132 1168 3199 in
1190 3133 1261 3199 urbe
1276 3132 1433 3201 Romana*
1448 3144 1549 3202 anno‘

648 3249 760 3318 Chn‘sti
791 3251 950 3317 millesimo
986 3271 1120 3338 quatuor
1152 3251 1309 3320 centesimo
1346 3256 1538 3348 sexagesimo

650 3366 726 3465 (pro
732 3362 964 3463 septuagesimo)
978 3389 1082 3455 sexto,
1093 3371 1209 3437 sedente
1219 3370 1316 3437 Xisto
1327 3394 1439 3460 quarto
1443 3392 1539 3462 pont.

647 3513 737 3558 max.
760 3484 800 3554 Et
821 3484 960 3582 sequitur
983 3484 1165 3557 immediate
1192 3487 1358 3583 registrum
1390 3490 1537 3584 quintet·

547 3613 553 3661 ἱ
646 3589 805 3677 nionum.⁴

695 3722 821 3793 Tomus
847 3722 928 3793 ver&
955 3725 1060 3794 tertius
1084 3721 1264 3793 immediati}
1292 3724 1402 3819 incipit
1422 3726 1465 3794 ab
1491 3711 1540 3793 iri-

649 3837 720 3913 dice
743 3842 955 3935 capitulorum
979 3860 1098 3938 quartae
1120 3841 1270 3934 decadis,
1292 3863 1325 3916 et
1347 3863 1395 3917 est
1414 3842 1453 3913 X
1481 3844 1539 3915 fo·
