3742 5109
608 600 685 697 ‘196
788 595 1371 695 LIBRIABANN01470,

611 805 616 815 ,
660 757 692 809 et
716 736 834 810 eodem
863 737 966 810 modo
995 738 1071 811 uniti
1105 738 1255 811 extabant
1286 735 1370 832 apud
1398 738 1429 806 la
1459 738 1544 809 val-³

658 857 759 946 liere,
782 857 845 931 ΝΟ.
869 860 952 954 366.
975 856 1115 958 Separati
1138 856 1218 929 verb
1238 856 1443 929 discutiuntur
1460 855 1544 951 apud

659 976 788 1066 Braun,
810 1003 830 1047 a
853 1000 997 1071 pagr37
1020 974 1061 1045 ad
1083 998 1143 1065 40.
1592 953 1596 964 Ι

612 1194 616 1201 ,
708 1110 917 1184 Conveniunt
938 1135 1050 1182 omnes
1074 1111 1157 1183 hanc
1177 1136 1244 1181 esse
1269 1110 1403 1206 primam
1425 1110 1543 1181 editio·

660 1254 736 1302 nem
758 1232 911 1301 librorum
935 1231 981 1301 IV
1010 1233 1044 1299 de
1063 1232 1232 1299 imitatione
1250 1226 1301 1299 in·
1311 1283 1322 1316 ,
1340 1227 1403 1325 qud
1422 1230 1454 1297 in
1478 1229 1543 1298 edi-

609 1328 612 1332 *
659 1349 747 1420 tione
765 1347 905 1420 Thomae
920 1375 941 1419 a
957 1346 1092 1443 Kempis
1110 1347 1346 1432 adscribuntur3
1363 1372 1459 1443 quam
1478 1346 1544 1417 edi-

658 1466 782 1538 tionem
800 1469 854 1538 vin
871 1449 990 1537 norunt
1009 1465 1131 1538 Delfau
1151 1484 1184 1538 et
1199 1466 1251 1536 alii
1271 1467 1304 1535 in
1325 1465 1561 1536 controversia·

659 1584 701 1657 de
722 1605 852 1658 auctore
873 1583 965 1675 hujus
984 1585 1064 1659 libri.

403 1841 410 1856 ·
474 1841 477 1846 ⁴
551 1766 565 1835 ἶ
613 1829 692 1889 201
726 1803 937 1887 Tractatus
966 1807 1065 1887 varii
1091 1800 1140 1887 de
1166 1797 1331 1890 diversis
1353 1807 1588 1887 materiis.)

667 1933 845 2049 Impress.
856 1922 1015 2043 Romo,
1032 1961 1214 2019 currente
1228 1932 1384 2020 decimo
1396 1939 1540 2050 quinto

544 2101 553 2119 ·
668 2067 830 2154 saeculo.
859 2071 993 2169 In·40.
1022 2097 1135 2163 nnr.

672 2292 690 2346 1
726 2265 936 2346 Tractatus
964 2259 1126 2373 quidam
1160 2259 1210 2345 de
1246 2260 1390 2344 Turcis
1419 2284 1541 2376 prout

534 2376 543 2393 ⁹
631 2437 656 2482 .·
693 2476 695 2481 .
722 2394 774 2480 ad
793 2396 955 2507 presens
982 2392 1147 2479 ecclesia
1173 2394 1317 2476 Sancta
1340 2392 1390 2476 ab
1417 2398 1472 2476 eis
1491 2393 1541 2475 af-

721 2522 902 2641 fligitur,
936 2521 1131 2610 collectus
1156 2524 1369 2639 diligenter
1391 2522 1541 2609 discus·

723 2664 839 2742 sione
853 2663 1133 2769 scripturarum
1156 2689 1179 2740 a
1201 2656 1439 2769 quibusdam
1460 2659 1540 2743 fra·
1586 2720 1590 2727 .

618 2802 620 2805 ’
729 2789 856 2875 tribus
871 2788 1109 2901 predicator.
1126 2787 1305 2896 ordinis,
1322 2816 1400 2876 etc.

672 3039 675 3044 ·
709 3001 846 3074 Constat
864 3026 908 3097 32
925 3002 1029 3091 foliis,
1045 3020 1078 3073 et
1094 3003 1215 3099 paginae
1227 3003 1344 3074 habent
1363 3027 1409 3097 27
1425 3005 1542 3093 lineam

611 3183 614 3190 .
660 3120 820 3218 ignoravit
834 3122 919 3193 hunc
939 3119 1125 3193 Audiffredi.

666 3304 695 3407 o
725 3320 807 3407 Ars
846 3319 966 3439 bene
984 3317 1195 3408 moriendi.

678 3479 681 3484 .
709 3492 761 3565 sic
778 3494 905 3589 incipit:
926 3520 994 3564 cnm
1009 3499 1043 3563 de
1053 3477 1201 3586 presentis
1218 3494 1304 3580 exilii
1319 3481 1460 3590 miseriti,
1477 3510 1542 3569 eto'

660 3612 710 3681 Ex
744 3611 786 3682 18
818 3613 935 3700 foliis,
967 3632 1000 3683 et
1033 3611 1155 3707 paginae
1188 3635 1232 3703 29
1262 3611 1540 3706 linearumr'Non

630 3784 634 3790 -
662 3730 756 3801 novit
775 3730 962 3803 Audiffredi.
983 3728 1084 3820 Hujus
1107 3748 1217 3802 auctor
1240 3750 1286 3801 est
1304 3719 1478 3803 Cardiraiis
1499 3731 1540 3804 de

660 3848 874 3921 firmoanno
900 3869 1003 3947 1452.
1042 3876 1068 3921 κ
1500 3850 1502 3853 ⁴
