3742 5109
607 595 1029 689 ⁴ANN01476.
1234 610 1303 700 nt

379 801 382 805 -
423 776 531 844 quarto
560 754 640 822 Kal.
669 756 805 825 Ianuar.
839 751 1109 847 Subscriptionem
1136 738 1306 848 sequnntur

423 870 552 965 insignia
575 869 798 968 Typographi.
826 870 923 941 Caret
952 870 1116 958 numeris,
1143 869 1305 965 signaturis
1427 900 1431 906 ’

424 1008 457 1058 et
486 988 609 1062 custod.
635 989 711 1061 Vid.
739 988 876 1060 Debure
898 988 962 1059 N0.
986 985 1094 1083 4318.

374 1211 426 1298 43
460 1183 810 1303 Quadragesimale
836 1186 886 1272 de
913 1182 1079 1271 floribus
1104 1190 1306 1298 sapientiae

384 1409 386 1415 ,
430 1317 689 1429 compilatum
725 1335 796 1429 per
832 1323 1009 1432 magistr.
1044 1311 1304 1403 Arnbrosium

430 1452 575 1561 Spiera.
604 1443 860 1561 Tarvisinum
898 1449 1050 1534 ordinis
1090 1450 1303 1538 Servorum

430 1583 583 1667 Sanctae
611 1586 764 1667 Mariae.
790 1580 932 1667 In·fol.
998 1613 999 1616 ’
1161 1609 1170 1649 t

470 1775 506 1842 In
525 1775 587 1844 fine
610 1775 721 1869 legitur
739 1800 748 1844 :
768 1801 828 1867 per
848 1777 1028 1869 magistrum
1050 1777 1248 1845 Vindelinum
1268 1779 1303 1843 de
1393 1834 1395 1836 .

422 1895 516 1984 Spita
560 1893 757 1962 Alamanum
791 1896 826 1961 in
858 1895 928 1962 urbe
966 1896 1163 1963 Venetiamm
1196 1895 1302 1968 litteris
1377 1937 1382 1950 ι

421 2014 499 2079 eneis
529 2014 707 2100 impressum
728 2011 806 2098 finit
830 2008 960 2095 filiciter
988 2039 1074 2082 anno
1109 2013 1165 2081 dni
1195 2014 1306 2081 millen

423 2130 598 2220 quadringe.
625 2148 758 2219 septuag.
781 2146 868 2193 sexto
895 2117 945 2193 die
972 2126 1013 2196 18
1037 2132 1149 2197 mensis
1173 2129 1303 2197 Decem-

423 2246 485 2311 bris
501 2243 586 2310 Laus
603 2242 687 2312 Deo.
705 2240 878 2312 Character
895 2242 1039 2335 gothicus
1053 2268 1064 2329 ;
1082 2269 1155 2314 curn
1171 2244 1301 2338 signat.;

421 2361 539 2455 absque
557 2384 644 2430 nunt.
660 2377 693 2429 et
709 2357 832 2430 custod.
851 2358 935 2431 Vide
952 2359 1126 2432 Crevenna
1138 2361 1198 2434 ΝΟ.
1219 2364 1302 2455 692.

371 2606 429 2689 44
454 2574 601 2661 Glossa
637 2576 678 2661 8.
715 2576 882 2660 Thomae
916 2582 959 2659 in
992 2579 1057 2667 IV
1085 2575 1301 2692 evangelia.
1337 2509 1340 2516 Ι

421 2708 563 2793 In-fol.
592 2740 646 2793 m.
676 2737 707 2791 r.·
1321 2776 1323 2784 a

465 2900 501 2969 In
525 2902 587 2970 fine
609 2900 745 2995 legitur:
769 2903 847 2970 beati
871 2901 983 2969 Thome
1006 2904 1040 2968 de
1062 2901 1191 2991 Aquino
1210 2904 1300 2995 glosa

267 3097 269 3106 p
370 3035 384 3064 ⁸
418 3022 564 3088 continua
591 3045 648 3110 sup
680 3043 812 3111 quatuor
838 3001 1055 3114 Evangelistas
1076 3017 1204 3104 feliciter
1221 3020 1301 3107 finit
1438 3068 1441 3072 -

267 3140 307 3209 ἦ,
418 3162 505 3203 anno
527 3140 583 3204 dni
608 3140 685 3207 mill.
708 3136 842 3208 CCCC.
867 3136 1026 3207 LXXVI.
1048 3134 1218 3205 Columnae
1238 3135 1298 3204 ha-

418 3251 495 3320 bent
520 3255 566 3319 62
590 3252 686 3320 lineas
709 3272 741 3321 et
766 3254 876 3322 ultima
904 3277 958 3322 11.

466 3387 639 3457 Character
651 3386 806 3479 pertinere
820 3386 945 3456 videtur
961 3386 1002 3457 ad
1015 3412 1089 3457 eum
1101 3412 1167 3481 quo
1179 3386 1299 3457 Wens-

418 3506 464 3575 ler
485 3505 629 3575 utebatur
652 3504 716 3574 hoc
743 3529 840 3574 anno.
866 3502 964 3574 Caret
989 3483 1128 3599 signat,
1154 3529 1239 3575 nurn.
1266 3522 1297 3573 et

419 3622 543 3694 custod.
569 3620 693 3691 Litterae
718 3622 905 3716 principales
928 3621 1062 3716 depictae
1085 3641 1166 3693 sunt.

370 3846 421 3933 45
461 3824 580 3912 Joan.
610 3818 666 3906 ·de
700 3820 999 3906 Turrecremata
1035 3826 1076 3903 in
1107 3798 1465 3945 psalmqsgfsspa-

621 3993 625 3996 ·
1035 3953 1102 4032 ‚Cc
1120 3952 1168 4043 iij·
1468 3961 1511 3989 *⁸
