3742 5109
472 608 475 613 ·
547 591 617 693 ηε
723 587 1308 703 ιιΒκιιΑΒΑΝΝοψο,

599 728 652 818 de
683 757 813 815 rerum
844 729 1155 841 proprietatibus
1184 728 1275 815 libri
1314 753 1378 838 19.
1408 728 1483 812 In·‘

544 923 547 928 ·
599 861 672 951 fol.
703 864 831 949 Goth.
858 863 950 950 v.f.
1186 873 1189 878 ’

644 1054 818 1127 Columnae
834 1056 953 1127 habent
972 1057 1013 1127 61
1035 1053 1141 1130 lineas.
1159 1053 1335 1128 Character
1353 1051 1481 1125 videtur

595 1173 823 1265 Basileensis,
866 1194 898 1246 et
942 1175 1093 1247 columna
1137 1175 1247 1247 ultima
1292 1200 1329 1245 ac
1370 1192 1480 1271 quarta

545 1292 749 1390 .babet9.

546 1508 605 1619 96
627 1445 978 1627 Quadragesimale
1000 1514 1131 1619 fratris
1155 1510 1350 1602 lobannis
1373 1509 1482 1591 Grit·

550 1641 676 1727 sch
705 1642 859 1730 ordinis
888 1646 1050 1729 fratrum
1077 1650 1275 1728 minorum
1300 1640 1481 1725 doctoris

605 1780 767 1885 eximii,
790 1807 860 1889 per
880 1804 1011 1863 totum
1034 1783 1130 1862 anni
1156 1781 1332 1889 spacium
1353 1771 1484 1857 deser·-

604 1914 718 1995 tiens
750 1940 841 1995 cum
860 1912 1087 1995 thematum
1115 1905 1415 2023 evangeliorum
1443 1928 1484 1987 et

606 2040 863 2151 epistolarum
889 2041 1260 2131 introductionibus
1275 2044 1417 2151 incipit
1433 2035 1484 2120 fe·

481 2194 484 2199 ·
606 2162 930 2261 imitemin-fol.

647 2367 766 2440 Praeest
782 2367 876 2440 index
897 2389 936 2468 15
959 2369 1112 2441 foliorum
1125 2388 1156 2440 et
1171 2387 1245 2464 post
1257 2367 1379 2439 titulum
1392 2358 1485 2457 sopri

600 2486 733 2558 relatum
752 2488 867 2559 manus
888 2488 1063 2560 miniatotis
1085 2485 1190 2577 adjicit
1214 2510 1304 2579 tgug
1327 2479 1485 2576 (1474.)
1576 2572 1580 2581 ἢ

648 2603 748 2689 Tituli
769 2631 953 2677 sermonum
976 2608 1007 2675 in
1030 2606 1171 2701 margine
1196 2603 1348 2699 superiori
1375 2599 1486 2696 impti-

600 2740 739 2793 mtmtur.
757 2722 893 2793 Caret
871 2723 1060 2818 signaturis,
1079 2722 1222 2800 numeris
1241 2739 1272 2791 et
1292 2717 1487 2791 custodibus.

600 2838 776 2944 Cbaractet
804 2841 885 2912 verb
914 2841 1071 2935 pertinere
1097 2838 1222 2909 videtui
1245 2838 1286 2916 ad
1310 2838 1433 2917 Frisner
1455 2851 1488 2904 et

602 2956 859 3032 Sensenschmid.
885 2958 1051 3030 Columna
1072 2954 1211 3029 secunda
1232 2952 1334 3027 textus
1363 2969 1489 3030 constat

553 3090 555 3094 '
608 3080 652 3173 56
666 3078 766 3151 lineis,

554 3305 610 3391 97
641 3274 832 3363 Guilelmi
853 3278 1084 3362 Parisiensis
1110 3272 1283 3387 postillae
1306 3298 1423 3382 super
1449 3295 1488 3350 e-

554 3400 779 3523 pistolas
806 3437 846 3498 et
874 3390 1098 3527 evangelia.
1125 3412 1199 3493 ln-
1201 3406 1272 3493 fol.
1302 3436 1355 3489 m.
1391 3431 1426 3485 r.

654 3603 817 3675 Columna
838 3605 947 3676 ultima
968 3602 1048 3674 folio
1063 3620 1155 3675 recto
1172 3601 1269 3671 habet
1280 3595 1326 3688 48
1345 3595 1441 3681 lineas
1457 3609 1489 3662 et

469 3710 477 3740 l
514 3737 518 3745 “
605 3740 727 3793 caeterae
751 3745 809 3813 49.
838 3722 926 3792 Folia
958 3721 1128 3814 signantur.
1154 3717 1309 3789 Prodiisse
1338 3710 1491 3785 Coloniae

571 3837 847 3950 'concluderem
860 3866 902 3912 ex
932 3836 1039 3951 rabuli
1067 3834 1203 3934 quatri,
1231 3835 1286 3910 Nl.
1320 3835 1374 3923 6,
1405 3826 1491 3926 apud
