3742 5109
530 612 606 693 400
800 561 1256 655 LIBRISUB³

578 722 765 820 relinquam.
798 719 980 791 Editionem
1006 719 1090 789 hanc
1114 712 1275 813 ignoravit
1302 713 1423 790 Denis
1455 719 1489 791 in

507 905 515 919 .
581 867 641 915 suo
671 844 819 932 supplem.
843 839 1015 911 Maittaire.
1044 835 1129 908 Vide
1159 829 1298 929 catalog.
1333 835 1370 906 ia
1404 838 1488 909 Val-

580 961 658 1032 titre
680 958 741 1030 ΝΟ.
769 955 891 1049 4866,
915 973 951 1062 et
969 956 1002 1025 in
1026 956 1246 1050 supplemento
1268 951 1312 1023 ad
1338 955 1485 1049 primam

581 1096 724 1173 partem,
740 1100 814 1171 pag.
838 1100 897 1168 72.
1460 1085 1463 1090 ⁴

631 1194 802 1288 Exemplar
821 1194 947 1288 elegans
967 1217 1004 1263 ac
1021 1190 1216 1286 completum
1239 1188 1273 1260 in
1295 1187 1410 1286 primii
1426 1189 1485 1264 sui

582 1308 723 1408 ligaturi.

530 1510 733 1633 30³Deca
759 1511 884 1620 prima
912 1507 955 1593 di
983 1509 1086 1606 Tito
1116 1507 1250 1594 Livio.
1288 1505 1443 1594 Iit-fol.

630 1703 693 1775 Hic
721 1721 767 1772 est
795 1699 921 1771 Tomus
950 1698 1068 1794 primus
1103 1697 1247 1770 editionis
1277 1696 1482 1789 Romanae,

581 1824 661 1893 anni
693 1820 815 1911 1476,
839 1818 872 1885 in
895 1818 960 1887 hoc
985 1817 1155 1911 exemplari
1180 1817 1211 1884 in
1233 1814 1292 1887 suit
1312 1817 1396 1890 licet
1420 1846 1483 1891 an·

580 1934 667 2031 tiqui
684 1931 889 2028 compactura
900 1988 913 2020 ,
937 1932 1025 2004 deest
1050 1933 1162 2004 folium
1185 1932 1363 2029 septimum
1382 1936 1482 2031 quod

581 2053 727 2125 continet
746 2052 915 2148 epistolam
938 2050 1067 2123 Joannis
1085 2052 1287 2139 Bonacorsi,
1306 2070 1340 2122 et
1358 2051 1480 2140 folium

582 2172 689 2245 album
712 2191 769 2245 est.
790 2228 795 2260 4

534 2375 583 2459 31
623 2348 742 2433 Liber
781 2348 1071 2434 Mamotrectus
1114 2344 1476 2462 (Marchesini.)

590 2479 729 2567 In·fol.
757 2510 810 2564 m.
836 2511 870 2565 r.

629 2670 757 2764 Legitur
784 2670 817 2738 in
846 2670 936 2741 fine:
969 2673 1044 2741 liber
1068 2672 1203 2766 'religiosi
1226 2674 1334 2763 patris
1353 2672 1476 2761 frattt's
1523 2760 1525 2765 Ι

581 2788 782 2857 Murathismi
808 2789 843 2855 de
869 2813 956 2857 sacro
985 2791 1089 2857 ordine
1118 2787 1281 2858 Minorem
1309 2792 1474 2862 devotissi-

579 2907 624 2973 mi
626 2954 919 2976 ...............
950 2910 1050 2996 plano
1082 2910 1152 2975 stilo
1180 2910 1314 2979 edocens.
1344 2914 1475 3002 explicit

572 3019 702 3113 feliciter
722 3046 810 3090 anno
828 3047 850 3088 a
873 3025 1032 3093 nativitate
1054 3024 1109 3092 dfii
1139 3024 1188 3096 Μ.
1217 3023 1345 3095 CCCC
1364 3028 1471 3099 LXX
1512 3104 1516 3113 ,

521 3205 525 3213 ,
581 3162 690 3230 sexto,
709 3142 743 3208 in
765 3141 869 3235 vigilia
895 3150 948 3220 ecci
972 3144 1088 3211 natalis
1112 3137 1177 3211 diii.
1207 3140 1388 3215 Character
1415 3147 1471 3217 ille
1494 3168 1510 3193 ¹

579 3257 705 3330 videtur
727 3258 881 3353 pertinere
908 3258 950 3329 ad
980 3284 1054 3331 eum
1084 3270 1158 3357 quo'
1178 3260 1339 3332 Nicolaui'
1365 3264 1471 3335 Goltz

580 3377 730 3448 Coloniae
749 3378 903 3449 utebatur.
925 3376 1024 3449 Caret
1042 3379 1175 3474 signat,
1193 3403 1281 3450 num.
1303 3398 1337 3450 et
1356 3401 1470 3453 custo·

580 3494 681 3565 dibus.
698 3492 755 3564 De
772 3513 903 3564 auctore
922 3513 954 3565 et
970 3519 1068 3589 opere
1081 3496 1154 3566 vide
1173 3495 1335 3566 Abbatem
1359 3498 1468 3591 Rive,

580 3614 682 3682 chasse
702 3638 769 3681 aux
791 3615 1021 3709 Bibliographts
1038 3667 1050 3703 ‚
1065 3642 1141 3711 pag.
1169 3608 1235 3704 ιζ).
1259 3635 1291 3685 et
1313 3639 1467 3720 &quent

306 3833 309 3840 -
337 3812 353 3836 ⁶
438 3862 468 3913 ·.
506 3880 511 3887 ξ
534 3811 585 3899 32
610 3784 740 3870 Nonii
763 3783 947 3873 Marcelli
967 3788 1253 3901 compendiosa
1272 3789 1467 3884 doctrina

1413 3928 1468 4018 de
