3742 5109
573 600 644 702 156
749 598 905 671 LIBRI
930 596 999 669 ΑΒ
1025 598 1193 672 ΑΝΝΟ
1224 623 1334 695 1470,
1390 674 1427 684 ,,

665 738 782 809 Manus
799 738 938 809 adhibuit
953 739 1124 835 signaturas
1141 757 1173 809 et
1190 739 1222 808 in
1239 740 1301 837 firre
1318 762 1425 809 earum
1442 761 1494 807 re·

583 930 587 934 ,
617 856 756 952 gistrum.
771 856 846 927 Vid.
864 856 1015 946 Sardum,
1032 855 1133 928 Tom.
1152 867 1197 928 1⁰.
1214 858 1359 928 Biblioth.
1376 857 1495 923 Medio·
1561 842 1570 857 ι

617 980 709 1063 Ian„
733 999 804 1070 pag.
835 976 930 1067 609,
954 975 1007 1045 ubi
1029 974 1061 1042 in
1082 975 1221 1071 quinque
1241 975 1337 1045 libros
1359 973 1494 1043 divisum

617 1116 699 1188 opus
720 1092 817 1178 dicit,
835 1091 910 1162 dirm
932 1090 1033 1186 reipsi
1050 1111 1121 1161 sunt
1149 1117 1214 1164 sex.
1238 1091 1381 1161 Titulum
1410 1090 1495 1160 enim

527 1310 534 1318 ι
618 1209 686 1281 libri
706 1211 784 1281 sexti
802 1211 980 1300 omissum,
1002 1234 1114 1281 manus
1134 1211 1290 1305 supplevit
1308 1209 1495 1280 miniatoris.

574 1434 651 1517 134
669 1406 916 1494 Bartholom.
935 1411 1218 1524 Montagnana
1232 1405 1400 1492 consilia
1416 1434 1495 1487 rne-

625 1539 714 1628 dica
736 1540 841 1626 edita
864 1542 1035 1649 Paduae,
1064 1570 1171 1626 anno
1208 1546 1327 1655 1436.
1355 1533 1493 1621 Iri-fol.

624 1702 678 1756 m.
700 1702 734 1756 r.

542 1873 545 1878 '
665 1861 836 1959 Columriae
857 1864 985 1959 integrae
1007 1882 1079 1934 sunt
1097 1864 1137 1932 61
1159 1862 1312 1933 linearum
1331 1881 1363 1932 et
1385 1860 1497 1933 termis

617 1998 709 2051 natur
731 2008 833 2076 opus,
851 1981 931 2053 folio
955 2007 1073 2068 vers0,
1098 2006 1172 2060 curn
1198 2006 1261 2076 333
1296 1980 1399 2066 foliis,
1427 2004 1495 2049 non

616 2117 784 2170 numerato
801 2100 903 2171 iudice
918 2125 978 2171 nec
990 2100 1195 2170 consiliorum
1212 2099 1364 2193 registr03
1378 2099 1496 2192 absque

617 2217 757 2286 numeris
770 2236 802 2287 et
818 2218 991 2312 signaturis.

665 2334 771 2405 Editio
791 2334 915 2407 videtur
932 2333 1083 2431 prodiisse
1108 2332 1223 2415 Paduae
1244 2353 1298 2405 aut
1321 2334 1462 2404 Marituae
1483 2382 1495 2420 ‚

617 2452 701 2523 circa
722 2454 825 2551 1476.
1473 2487 1475 2491 ·

441 2609 458 2640 δ

573 2697 647 2785 135
683 2676 802 2763 Joan.
825 2674 874 2759 de
898 2678 1045 2773 Monte
1070 2681 1185 2790 regio
1215 2671 1497 2779 Calendarium

622 2835 715 2893 curn
742 2810 894 2924 figuris.
923 2812 1053 2909 Iri-4⁰.
1082 2837 1135 2891 m.
1162 2838 1203 2897 v.

665 3015 838 3087 Character
869 3016 1067 3114 quadratus,
1101 3017 1211 3087 litterae
1243 3015 1428 3111 principales
1458 3038 1498 3083 ex

618 3134 692 3204 fusis
712 3135 850 3219 formis;
874 3155 905 3205 et
932 3138 976 3204 sic
1000 3136 1205 3206 terminatur:
1232 3138 1322 3202 ductu
1336 3134 1433 3219 joan.
1463 3134 1499 3198 de

617 3276 718 3322 monte
729 3257 817 3350 regio.
838 3252 1088 3350 (Nurembergae
1106 3253 1145 3322 ad
1161 3251 1276 3323 tardius
1289 3277 1374 3321 anno
1393 3270 1500 3347 1475,

617 3396 657 3442 ex
675 3370 884 3467 typographi&
902 3371 994 3447 Joan.
1011 3371 1259 3467 Regiomontani
1287 3368 1437 3470 prodiit.)

650 3488 707 3559 De
721 3491 784 3560 hoc
799 3489 871 3560 vide
883 3489 1044 3561 Schwartz
1049 3493 1203 3581 primaria
1216 3491 1394 3557 documenta
1402 3539 1412 3570 ,
1427 3509 1498 3578 pag.

620 3609 677 3699 63.
687 3606 816 3676 Roeder
827 3608 939 3677 librum
951 3609 1035 3677 hunc
1048 3607 1220 3701 ignoravit,
1232 3605 1309 3674 sicut
1319 3624 1350 3672 et
1363 3629 1498 3696 sequen-

619 3742 682 3806 tem
694 3749 788 3818 quem
804 3725 880 3806 mihi
891 3742 1025 3796 tractare
1036 3725 1167 3817 contigit
1179 3776 1190 3809 ,
1203 3722 1346 3791 Veneriis
1357 3720 1439 3813 apud
1448 3717 1498 3788 D.

620 3840 729 3912 Svaier
748 3867 756 3911 :
775 3845 899 3912 manilii
917 3843 1143 3936 astronomicon
1161 3843 1195 3912 in
1212 3839 1339 3936 officina
1361 3839 1500 3911 loannis
