3742 5109
585 601 636 668 {20
748 586 846 658 LIB.
877 582 937 656 ΑΒ
971 583 1205 658 INVENT.
1234 584 1356 661 TYP.

608 769 612 776 ·
687 741 734 798 1⁰.
765 726 881 796 Praeter
911 726 999 796 varia
1028 731 1237 797 monumenta
1270 723 1519 822 Argentinensi‘a'

633 846 730 916 relata
757 870 776 915 a
796 844 1003 938 Schoepflino
1025 845 1058 915 in
1083 848 1225 916 uindiciis
1247 847 1518 946 Argentoratensi·

633 966 723 1053 bus,
751 980 783 1033 et
812 988 831 1032 a
859 961 942 1033 Seitz
974 962 1006 1032 in
1041 989 1128 1032 anno
1162 988 1219 1033 suo
1260 966 1397 1034 seculari
1431 967 1520 1034 tertio

628 1108 705 1177 pag.
724 1103 814 1174 149,
830 1105 868 1150 ac
883 1080 1094 1176 sequentibus.
1107 1080 1267 1177 Philippus
1288 1079 1328 1152 de
1344 1080 1518 1176 lignamine
1537 1149 1540 1154 ,

632 1200 767 1293 scriptor
783 1224 913 1271 coaevus
924 1197 1163 1296 Typogtaphus
1178 1197 1363 1289 Romanus,
1381 1199 1415 1269 in
1432 1200 1520 1269 chro-

633 1318 706 1388 nica*
719 1343 867 1389 summor.
886 1320 980 1386 Pout.
1000 1319 1108 1387 Roma
1124 1320 1259 1408 impress.
1284 1343 1371 1387 anno
1400 1296 1519 1411 1474,

633 1460 663 1505 cc
677 1438 817 1505 chronica
829 1436 1031 1506 Martiniaua
1049 1438 1141 1527 impr.
1157 1437 1290 1506 Taurini
1300 1439 1387 1527 apud
1399 1438 1520 1527 Fabri,

633 1580 722 1625 anno
745 1578 860 1651 1477,
878 1552 1054 1643 affirmant,
1077 1552 1141 1643 jam
1163 1555 1204 1624 ab
1215 1578 1301 1625 anno
1327 1552 1419 1653 1458
1435 1607 1447 1640 ,
1462 1552 1517 1627 Jo.
1575 1637 1577 1641 ¹

632 1666 827 1745 'Manteli'um
860 1673 957 1744 libros
991 1672 1073 1771 typis
1114 1673 1175 1745 suis
1204 1673 1369 1767 'evulgasse
1392 1670 1521 1769 Argen·
1580 1741 1582 1749 .

635 1792 742 1864 torati.

686 1921 736 1995 ιο,
761 1908 798 1978 In
825 1909 964 2005 prologo
993 1908 1153 2007 utriusque
1183 1906 1328 1980 editionis
1363 1932 1435 1980 non
1469 1906 1522 1979 di·

636 2022 680 2097 cit
710 2026 813 2097 editor
843 2054 877 2099 se
903 2028 1099 2101 adinvenisse
1131 2028 1164 2097 in
1185 2022 1369 2124 Mogontib
1402 2026 1519 2098 auxilia

636 2169 697 2248 Pl⁰
714 2146 774 2217 hac
790 2143 846 2217 sud
854 2146 1018 2237 editione,
1035 2173 1106 2244 quae
1123 2172 1156 2217 se
1171 2165 1277 2216 tamen
1290 2143 1426 2215 affirmat
1441 2145 1522 2217 hau·

636 2264 712 2334 sisse
736 2289 777 2335 ex
798 2264 1002 2361 Argentini,
1024 2263 1216 2355 Vormatial‚
1239 2265 1315 2335 licdt
1338 2282 1415 2335 tunc
1438 2282 1522 2335 tem-

595 2434 597 2438 ·
636 2383 722 2476 poris
743 2383 881 2454 celebres
899 2401 1006 2455 tamen
1028 2382 1112 2479 apud
1134 2383 1338 2479 Moguntiam
1361 2381 1523 2454 extiterint

637 2498 853 2571 Bibliothecae.
1346 2531 1347 2534 ¹
1462 2528 1464 2531 ’

669 2627 738 2710 ¹3⁰.
764 2619 917 2713 prologus
948 2619 1109 2716 utriusque
1135 2620 1190 2691 vix
1220 2619 1323 2692 differt
1350 2618 1385 2689 in
1418 2620 1525 2692 altero

640 2735 735 2833 qudtn
757 2739 791 2807 in
811 2738 1097 2812 abbreviationibus
1114 2794 1126 2831 ,
1144 2737 1169 2811 si
1186 2742 1349 2836 excipias,
1371 2738 1464 2836 quod
1489 2742 1528 2811 in·

640 2854 779 2927 editione
805 2856 951 2928 Faustin&
980 2857 1100 2954 aliquot
1123 2858 1155 2927 in
1179 2860 1243 2929 fine
1268 2855 1458 2949 adjiciantur
1481 2858 1525 2931 li-

641 2998 739 3065 neae,
769 2999 840 3069 quae
866 2975 978 3046 frustrb
1007 2978 1040 3045 in
1065 2975 1259 3048 Menteliand
1291 2994 1524 3073 quaererentur.

642 3091 694 3163 Sic
705 3081 712 3165 f
721 3093 807 3161 enim
833 3094 1016 3165 terminatur
1043 3094 1121 3166 illa:
1149 3098 1215 3164 Cito
1238 3097 1340 3187 possit
1367 3098 1462 3185 roveri
1495 3115 1525 3165 ιι

641 3212 739 3279 nichil
750 3213 874 3281 ominus
886 3238 945 3304 per
959 3214 1170 3282 remissionum
1186 3217 1359 3284 uarietatem
1370 3216 1435 3283 sive
1449 3216 1523 3306 plu·
1540 3193 1544 3201 .
1571 3275 1575 3280 .

641 3331 791 3417 talitaum
812 3307 927 3422 paieut.
956 3333 1032 3421 quid
1053 3333 1089 3399 in
1111 3333 1236 3402 diversis
1264 3330 1397 3419 ejusdem
1426 3332 1521 3401 libelli

637 3449 782 3535 passibus
798 3474 864 3517 non
878 3474 1039 3540 nunquam
1056 3452 1091 3518 de
1106 3452 1213 3519 eisdem
1225 3449 1349 3540 punctis
1367 3452 1526 3518 contineat
1551 3426 1555 3432 ¹
1579 3497 1582 3502 -

642 3567 727 3651 quod
743 3569 910 3656 plurimum
938 3568 1072 3656 proderit
1093 3564 1249 3655 fructuosi
1276 3568 1310 3634 in
1336 3590 1371 3632 eo
1403 3570 1523 3658 studere
1577 3611 1581 3616 ·

609 3753 611 3758 ,
643 3683 810 3752 volentibus
825 3686 947 3773 explicit
951 3689 1108 3779 prologus.
1555 3771 1582 3781 1,

689 3798 777 3899 Quae
795 3802 872 3875 sane
894 3805 992 3876 verba
1008 3803 1135 3878 levioris
1152 3821 1223 3878 sunt
1244 3802 1401 3876 momenti
1425 3802 1524 3905 quint
1571 3785 1576 3796 ⁹
