3742 5109
487 637 491 642 -
590 590 835 664 ANNO
906 591 1010 683 1460.
1218 615 1265 695 59

375 730 415 806 in
440 729 593 828 Altavilffi
614 731 739 803 ditionis
761 730 960 828 Mogontinae
982 729 1067 828 apud
1091 731 1265 806 Nicolaum

378 854 648 924 Bechtermumze
683 851 799 947 prodiit
845 876 930 924 anno
969 854 1095 946 1469,
1134 850 1265 945 repetiti

322 993 329 1002 ·
377 970 470 1068 quasi
493 970 633 1041 formul&
660 970 879 1065 subcriptionis
904 973 1099 1040 Dicrionarii
1124 970 1263 1065 Mogum

376 1089 437 1161 tini
459 1090 534 1160 anni
565 1092 686 1180 1460,
715 1087 876 1161 concludit
901 1087 1090 1160 Conradum
1115 1088 1266 1186 Homery

377 1208 456 1278 huic
481 1206 663 1279 vendidisse
695 1203 858 1279 officinam
886 1225 919 1278 et
952 1208 1147 1280 characteres
1177 1209 1266 1282 Gut-

324 1406 329 1418 .
378 1326 559 1422 tembergii.
983 1375 1002 1414 2

429 1442 493 1515 Sed
522 1443 631 1541 quid?
662 1441 693 1517 Si
724 1444 891 1515 Meerman
922 1444 1068 1517 novisset
1093 1443 1266 1518 editionem

377 1559 473 1651 hujus
500 1562 697 1634 vocabularii
723 1564 754 1633 in
774 1562 924 1636 Altavilla
944 1564 1037 1661 ipsius
1054 1565 1127 1635 anni
1146 1568 1266 1661 1467,

320 1698 322 1706 '
375 1680 470 1773 cujus
494 1701 543 1752 est
565 1677 700 1778 sequens
724 1683 928 1778 subscriptio(
1015 1720 1019 1727 ·

427 1803 560 1872 Presens
584 1802 640 1869 hoc
662 1806 813 1897 opusculo
835 1812 880 1874 no
901 1804 967 1872 stili
994 1824 1052 1873 aut
1069 1827 1170 1893 penne
1194 1800 1267 1891 suf-

365 1917 483 2015 frqgio
495 1922 538 2013 s3
570 1943 655 1991 nova
687 1921 891 2016 aruficiosaq3
932 1924 1098 1993 invencone
1130 1923 1266 2013 quadam

292 2099 294 2104 .
375 2042 426 2112 ad
442 2040 612 2110 Eusebiam
630 2040 698 2110 Dei
713 2041 859 2109 industrie
874 2067 932 2131 per
947 2042 1115 2111 Henricum
1130 2042 1268 2112 Becbter·

375 2182 507 2253 muncze
525 2159 578 2248 pie
601 2159 739 2226 memorie
761 2159 795 2225 in
822 2161 977 2228 Altavilla
1002 2181 1046 2229 est
1067 2160 1267 2244 inchoatum,

375 2297 413 2347 et
435 2279 558 2344 demum
577 2278 634 2350 sub
656 2251 822 2345 aano‘ds‘zi
844 2278 887 2344 M
909 2294 1123 2346 CCCCLXVH
1146 2301 1197 2367 spo
1220 2279 1268 2346 dic

375 2396 541 2466 Leonardi
563 2393 744 2485 confessoris
769 2398 823 2487 qui
842 2394 911 2483 fuir
940 2417 1052 2486 quarta
1079 2397 1125 2462 die
1155 2397 1268 2463 mensis
1294 2405 1303 2430 ι

375 2514 567 2590 Novembris
574 2540 607 2607 p
616 2515 792 2605 Nycolaum
805 2501 1050 2608 Bahtermuncre
1054 2509 1185 2600 fratrem
1197 2514 1268 2580 dicti

376 2631 517 2724 Heorici
541 2652 569 2701 et
593 2634 754 2730 Wigandsi
770 2635 869 2728 Spyes
885 2632 921 2700 de
940 2631 1108 2729 Otheoberg
1130 2652 1174 2701 est
1191 2655 1268 2699 corz-

300 2825 302 2830 ,
324 2829 331 2858 3
374 2755 559 2826 summani.

431 2866 565 2958 Editio,
589 2869 652 2941 huc
675 2895 774 2966 usque
795 2867 979 2964 incognita,
1002 2868 1114 2939 formae
1137 2868 1268 2956 in-4⁰.,

375 2986 511 3057 venalis
534 2987 658 3058 'extabat
680 2986 828 3059 Coloniae
852 2988 1061 3082 Agrippinae,
1084 2985 1207 3056 duobus
1227 2986 1268 3053 ab

372 3106 458 3178 hinc
485 3105 597 3192 annis,
620 3124 652 3177 et
672 3106 777 3183 audivi
805 3108 887 3179 hanc
909 3106 1064 3181 coemisse
1090 3103 1268 3176 Bibliothe-

373 3250 459 3303 earn
478 3221 623 3322 Regiam.

689 3287 693 3324 Ι
