3742 5109
421 639 427 647 ’
555 645 650 719 ΑΙ)
702 636 1134 741 ANNUM'1480.
1265 667 1312 750 79
1456 580 1461 598 Ι

477 844 525 914 Ε1·
537 844 719 917 charactere
730 870 797 941 quo
809 844 924 918 Zellius
935 872 1008 918 usus
1017 865 1083 940 est,
1097 871 1185 919 anno
1201 869 1268 942 147
1272 872 1288 944 3
1300 901 1314 939 ,

422 989 487 1055 pro
504 964 628 1033 Roberti
647 966 683 1034 de
694 966 776 1034 Litio
794 968 995 1038 sermonibus.

479 1100 641 1173 Columna
652 1103 754 1197 prima
771 1128 811 1172 ex
826 1124 868 1201 35
889 1101 1003 1193 linem,
1021 1120 1053 1173 et
1069 1103 1177 1175 ultima
1193 1129 1234 1175 ex
1258 1130 1313 1199 19.

479 1218 714 1292 Desiderantur
738 1221 889 1311 numeri,
911 1220 1077 1316 signaturae
1101 1243 1133 1293 et
1156 1222 1316 1298 custodes.

480 1338 576 1434 Opus
597 1339 746 1410 dividitur
771 1341 805 1410 in
836 1362 901 1439 275
931 1334 1090 1435 capitula3
1113 1359 1145 1412 et
1168 1342 1245 1413 licet
1265 1368 1315 1413 se-

434 1484 532 1555 quens
549 1472 699 1531 numerus
718 1458 834 1530 eodem
852 1458 986 1555 gaudeat
1001 1460 1116 1551 titulo,
1134 1478 1205 1533 toro
1223 1462 1313 1534 coelo

431 1575 592 1649 differunt.

373 1820 408 1909 7
442 1782 697 1905 Opusculum
723 1793 773 1879 de
801 1774 984 1881 laudibus
1015 1799 1147 1881 Beatae
1176 1798 1317 1882 Mariae

440 1926 637 2044 Virginis,
665 1926 832 2036 Iov-fol.
862 1932 1061 2015 Maximo.
1090 1961 1145 2016 m.
1172 1962 1217 2017 1..

482 2139 577 2235 Opus
603 2139 700 2234 plane
731 2139 891 2214 diversum
918 2166 937 2211 a
969 2139 1219 2235 praecedentibus
1250 2142 1319 2213 edi·

434 2258 583 2330 tionibus,
607 2239 773 2329 Dividitur
796 2259 828 2329 in
857 2283 900 2329 12
928 2251 1056 2345 libros',
1084 2278 1115 2329 et
1138 2280 1320 2331 accuratam

433 2376 682 2473 descriptionem
702 2357 830 2449 exhibet
851 2376 994 2447 Placidus
1014 2376 1144 2467 Braun‚
1162 2402 1234 2473 pag.
1263 2398 1318 2477 15.

486 2514 575 2605 Quia
600 2514 702 2611 reipsal
729 2516 842 2586 librum
869 2515 928 2584 sub
959 2515 1023 2585 hoc
1052 2514 1143 2585 titulo
1177 2515 1321 2611 vulgavit

359 2685 365 2695 -
434 2632 608 2723 albertus,
621 2631 695 2703 ided
708 2634 792 2708 hunc
808 2633 865 2728 ipsi
878 2630 1070 2727 adscripsere
1087 2635 1243 2706 nonnulli.
1258 2634 1322 2706 Sed

435 2752 586 2848 permulti
606 2770 724 2849 negant
743 2752 838 2823 fuisse
860 2776 1046 2847 germanum
1068 2750 1191 2823 Alberti
1211 2754 1324 2826 fetum.

390 2948 393 2953 ,
436 2871 515 2945 Vid.
531 2871 732 2962 Fabricium,
752 2874 828 2941 libro
838 2873 942 2963 primo
955 2923 967 2958 ,
979 2898 1054 2968 pag.
1072 2874 1145 2961 46,
1167 2874 1238 2945 edit.
1256 2873 1323 2941 Pa·
1367 2933 1371 2940 ,

435 2991 552 3063 tarino
583 3010 701 3089 17543
724 3008 757 3061 et
780 2988 957 3063 Laudatum
988 2988 1152 3061 Placidum
1183 2990 1323 3079 Braun,

430 3110 497 3206 qui
517 3110 599 3180 hanc
621 3109 794 3181 editionem
810 3108 906 3179 etiam
923 3108 1080 3179 Mantelio
1101 3107 1326 3206 Argentinensi
1365 3089 1373 3098 ’

436 3229 555 3301 tribuit.

491 3386 524 3456 Si
540 3385 623 3456 notis
640 3383 951 3482 manuscriptis'fides
968 3381 1113 3453 habenda
1131 3381 1193 3471 sit,
1211 3380 1323 3477 legitur

439 3508 476 3577 in
497 3506 561 3580 fine
582 3531 678 3577 manu
700 3506 879 3576 Miniaroris
903 3502 1022 3593 Collof
1042 3499 1131 3572 rum
1156 3498 1322 3600 (1474.)

492 3642 590 3714 Aliud
618 3665 723 3715 autem
747 3644 907 3738 exemplar
936 3669 955 3712 a
981 3640 1086 3710 Derris
1113 3640 1244 3711 relatum
1270 3640 1328 3710 ha·
1460 3689 1461 3692 κ

439 3764 499 3835 bet
517 3783 634 3849 notam¹
644 3764 824 3833 manualem
850 3785 952 3855 1473.
968 3758 1042 3831 Vid.
1060 3783 1132 3855 pag.
1155 3757 1229 3849 484
1246 3762 1329 3851 Siqu-

382 3903 385 3909 ·
432 3884 584 3976 plenuoti
606 3885 650 3953 ad
668 3886 799 3954 annales
820 3880 1003 3969 Maittaire,
1024 3878 1085 3951 ΝΟ.
1106 3877 1214 3969 4126.
1249 3949 1252 3954 .
