3742 5109
565 612 625 686 ·26
725 610 822 686 ΗΒ.
853 610 922 683 ΑΒ
953 610 1184 687 INVENT.
1215 609 1338 690 TYP.'

579 818 630 879 10
655 786 792 875 Sancti
815 789 1036 906 Augustini
1057 788 1158 876 liber
1182 789 1334 880 devita
1359 785 1532 903 beatug¹

630 919 683 1007 de
712 922 919 1009 honestate
950 921 1196 1030 mulierum,
1234 949 1273 1009 et
1308 925 1368 1009 Sti
1402 926 1508 1009 Ber·-

628 1060 745 1153 nardi
764 1061 815 1148 de
839 1064 1047 1145 honestate
1065 1066 1185 1165 vitae,
1209 1066 1252 1144 in
1267 1056 1379 1171 cujus
1395 1060 1507 1164 fine,

630 1221 673 1278 et
700 1201 866 1279 seorsim
890 1220 950 1278 est
982 1224 1111 1278 sermo
1143 1197 1184 1276 in
1202 1190 1306 1308 festo
1336 1192 1506 1275 Prosen-

628 1328 781 1410 tationis
810 1328 950 1411 Man'ae
987 1328 1161 1441 Virginis
1193 1328 1234 1408 in
1270 1324 1506 1436 Templum,

632 1465 703 1576 qui
739 1464 876 1572 incipi.
920 1466 1006 1544 sic:
1038 1461 1246 1543 constituite
1278 1457 1401 1543 Diem
1434 1487 1507 1539 so-

537 1668 539 1673 .
625 1595 814 1702 lemnem,
838 1620 916 1678 etc.
944 1596 1069 1707 In·4⁰.
1096 1622 1206 1679 mr.

668 1780 746 1855 Hoc
766 1785 954 1879 opuseulum
974 1782 1158 1856 terminatur
1180 1782 1224 1854 sie
1242 1780 1322 1852 folio
1338 1795 1455 1850 recto:
1479 1800 1510 1848 tt

622 1903 683 1970 hec
710 1904 744 1969 de
766 1905 911 1994 exemplis
938 1929 1022 1972 nunt
1051 1902 1218 1999 sufficiant.
1250 1900 1299 1970 Ex
1322 1898 1509 1970 charactere

622 2016 725 2091 Zeltii.
748 2019 862 2111 lii-40.
883 2047 927 2093 m.
947 2047 973 2093 r.

669 2136 775 2209 Editio
813 2140 883 2209 haec
918 2138 1074 2234 discrepat
1115 2139 1155 2209 ab
1193 2136 1231 2208 eti
1270 2160 1367 2232 quam
1406 2132 1507 2204 refert

619 2252 749 2345 Deme,
771 2257 832 2330 Nt.
856 2283 979 2352 4277,
1007 2279 1038 2329 et
1060 2258 1154 2329 etiam
1175 2256 1215 2326 ab
1243 2253 1282 2325 eii
1311 2251 1450 2345 catalogi
1475 2246 1524 2321 la‘

513 2409 515 2414 ·
619 2375 782 2466 Vallidre‚
809 2378 871 2451 ΝΟ.
899 2402 966 2473 473
989 2402 1001 2464 3
1025 2403 1130 2448 senno
1157 2378 1251 2446 etiam
1279 2372 1319 2442 de
1339 2386 1520 2465 presenta·.

620 2494 709 2564 tione
727 2494 867 2567 Domini
882 2496 1037 2591 discrepat
1054 2497 1095 2567 ab
1110 2493 1247 2565 editione
1265 2488 1364 2591 supri
1379 2484 1508 2576 relati,

617 2610 681 2682 N0.
703 2612 749 2698 8,
774 2640 845 2709 quae
869 2614 985 2707 prodiit
1007 2613 1093 2706 apud
1117 2612 1308 2710 Scoyfher,
1332 2606 1440 2679 insol.
1464 2603 1507 2677 de

618 2726 682 2823 qui
703 2728 828 2819 Denis,
849 2731 910 2803 N0.
934 2729 1043 2822 4278.
1061 2728 1201 2800 Zelliana
1224 2728 1309 2800 enim
1332 2725 1431 2799 habet
1458 2746 1505 2796 22
1577 2728 1583 2754 ¹

617 2847 771 2941 paginas,
792 2868 824 2920 et
844 2850 1038 2945 Moguntina
1061 2848 1139 2920 folia
1163 2872 1197 2943 9.

572 3068 618 3123 11
654 3040 909 3155 Augustinus
934 3041 985 3127 de
1009 3038 1220 3153 disciplinis
1241 3032 1505 3147 Christiani,
1588 3136 1590 3140 Α

625 3171 852 3284 (extribus
871 3171 987 3288 foliis
1008 3177 1057 3286 );
1088 3174 1138 3260 de
1168 3172 1264 3286 fugai
1292 3153 1506 3256 mulierum

624 3304 704 3419 (ex
726 3336 745 3423 3
756 3305 924 3423 foliis),
945 3335 983 3392 et
999 3307 1048 3394 de
1068 3302 1319 3393 continenti&
1336 3331 1376 3387 et
1396 3330 1502 3388 conv

625 3465 776 3553 temptu
799 3441 953 3526 mundi.

678 3566 863 3685 Epistola
896 3577 1124 3659 Hieronimi
1162 3571 1213 3657 ad
1251 3568 1504 3667 Paulinum

596 3687 598 3692 ⁵
623 3706 877 3819 Augustinus
900 3706 951 3790 de
977 3712 1182 3791 communi
1205 3701 1287 3790 vitei
1317 3699 1505 3785 Clerico-

624 3830 738 3948 rum3
758 3835 933 3951 ejusdem
950 3868 1106 3948 sermo,
1124 3837 1173 3927 de
1191 3839 1398 3924 communi
1419 3829 1508 3925 viti
