3742 5109
713 524 817 623 'AN
840 504 948 671 ΝΟι
989 482 1115 647 ι471..
1299 570 1372 649 347

443 678 502 808 21¹
527 678 686 833 Nicolai
710 722 762 813 de
782 728 886 839 Lyra
905 670 1053 813 Glisssa
1077 729 1121 809 in
1146 721 1284 810 biblia.
1304 728 1373 813 In·

498 842 570 943 soi·
597 860 721 944 Tom.
747 862 804 950 V.
831 856 954 945 ve'lin.
1040 890 1045 915 ν
1398 878 1413 917 ·.

540 1048 577 1120 [n
601 1048 664 1120 fine
685 1027 778 1145 §rimi
800 1049 947 1143 leguntur
969 1047 1051 1121 soliti
1072 1072 1182 1121 versus
1207 1046 1377 1141 Conradi,

446 1183 449 1194 “
492 1163 716 1263 Sveynheym
741 1185 774 1237 et
796 1164 933 1237 Amoldi
960 1166 1143 1239 Pannartz:

542 1342 670 1434 Aspicis
689 1343 818 1412 illustris
839 1347 950 1432 actor,
974 1361 1047 1417 etc..
1066 1397 1076 1417 .
1094 1394 1104 1418 .
1122 1396 1132 1417 .
1151 1393 1162 1416 .
1180 1395 1191 1417 .
1236 1396 1246 1417 .
1264 1395 1303 1420 ..

476 1488 511 1597 ⁹.
591 1479 702 1549 Roma
726 1480 943 1571 impressamat
965 1483 1043 1550 talia
1065 1484 1165 1552 mitlta
1187 1483 1296 1579 simul⁸¹

544 1654 586 1724 Im
609 1656 701 1723 domo
722 1654 806 1724 Petri
832 1657 869 1723 aa
893 1654 1049 1725 Maximis
1074 1680 1163 1725 anna
1190 1657 1299 1727 salutis
1324 1654 1377 1731 M.

379 1802 383 1805 ·
497 1769 634 1845 CCCC.
655 1769 780 1844 LXXI.
802 1772 850 1841 die
869 1773 997 1843 XVIII
1016 1774 1178 1845 Novibris.

546 1890 631 1965 Huic
667 1910 780 1989 prae'est
817 1893 952 1987 epistola
985 1891 1116 1966 Ioannis
1154 1889 1301 1964 Andraeae
1338 1890 1380 1963 ad

499 2009 625 2082 Sixtum
658 2010 792 2102 1v,in
824 2007 889 2107 qai
915 2035 950 2082 se
982 2011 1253 2085 bibliothecarium
1285 2010 1380 2107 ipsius

470 2128 649 2225 .appellat.
1315 2128 1343 2207 J

547 2247 585 2316 ln
617 2238 680 2318 firie
713 2243 842 2318 secundi
873 2244 1014 2342 legitur:
1049 2250 1084 2316 ia
1111 2248 1214 2315 domo.
1232 2247 1316 2316 Patri
1346 2248 1382 2316 de

475 2365 659 2441 Maximis
693 2362 743 2437 M.
778 2361 930 2437 CCCC.
967 2363 1127 2447 LXXII.
1160 2366 1207 2433 die
1238 2364 1385 2435 XXVI

502 2483 599 2555 Maii.

550 2600 587 2670 In
613 2599 677 2670 fine
699 2598 809 2671 tertii:
839 2600 875 2669 in
897 2602 989 2669 domo
1018 2601 1101 2670 Petri
1132 2601 1167 2669 dc
1195 2598 1385 2687 Maximis,

432 2809 440 2842 k
503 2744 591 2789 anno
619 2720 731 2789 salutis
756 2718 807 2791 M.
833 2715 1175 2809 CCCC.LXX11.
1203 2721 1251 2789 dia
1275 2715 1387 2815 xlm
1512 2776 1514 2780 ,

498 2836 667 2911 ‘Ianuarii

470 3028 483 3052 .
553 2952 607 3023 Ad
626 2955 748 3027 calcem
766 2954 869 3051 quarti
889 2952 975 3026 nulla
998 2950 1139 3043 adjicitur
1158 2951 1357 3048 subscriptio.

554 3069 681 3161 Quinto
708 3071 837 3142 tandem
858 3072 1053 3166 praemittitur
1077 3072 1211 3167 epistola
1238 3090 1270 3141 et
1294 3068 1389 3141 index

507 3186 660 3258 librorum
685 3211 767 3284 quos
788 3189 1011 3283 impresserunt
1033 3188 1076 3259 illi
1101 3168 1391 3286 Typographias·
1458 3234 1463 3243 ·

509 3329 572 3403 que
595 3305 636 3377 ad
657 3328 776 3377 annum
804 3329 920 3400 1472,
942 3325 975 3377 et
996 3307 1029 3376 in
1051 3305 1134 3377 fine:

656 3483 782 3575 Aspicis
802 3484 931 3554 illustris
952 3487 1063 3572 lactor,
1084 3500 1146 3554 etc.

482 3660 486 3667 ’
560 3608 729 3728 Im'domo
768 3659 852 3728 Patri
886 3661 921 3727 de
955 3658 1111 3728 Maximis
1149 3656 1200 3730 M.
1240 3628 1393 3731 CCCC.

513 3774 655 3851 LXXII.
693 3779 740 3847 die
766 3778 859 3880 XIII
893 3777 1019 3853 Marcii.
