3742 5109
534 520 602 599 262
799 517 825 587 L
849 516 863 585 1
887 514 913 583 B
940 512 970 583 R
995 510 1009 583 1
1057 510 1191 585 SUB

579 654 621 726 de
637 654 775 751 Spirensi
796 647 1028 751 Typographii
1051 668 1203 747 punctum
1220 647 1280 721 ΝΟ.
1315 665 1380 749 555
1407 672 1460 719 ca-

581 774 679 877 talogi
702 774 733 843 la
758 771 897 844 Valliere
919 790 952 845 et
977 770 1035 840 sub
1060 767 1148 841 annis
1178 790 1264 861 1471
1290 784 1323 837 et
1346 789 1461 861 1472,

489 878 499 893 ⁰
581 892 642 968 N0.
665 916 707 986 43
728 945 739 981 ,
762 890 922 985 ptaesentis
941 887 1043 959 nostri
1065 885 1184 963 indicis.
1208 884 1330 957 Primus
1353 904 1458 959 autem

580 1009 665 1105 opud
672 1000 854 1105 spirenses,
865 996 1102 1104 Typographus
1111 1006 1173 1077 huc
1186 1030 1285 1101 usque
1296 1006 1461 1101 cognitus,

580 1127 639 1203 fuit
649 1143 754 1222 petrus
766 1124 898 1212 Drach,
912 1126 966 1221 qui
979 1150 1065 1195 anno
1081 1147 1190 1217 1477,
1196 1120 1381 1211 fasciculrnn
1392 1144 1460 1191 rim·
1508 1214 1512 1223 .

574 1264 689 1347 porum
707 1242 826 1325 edidit:
846 1242 901 1314 sed
923 1242 1009 1315 nulla
1029 1239 1164 1313 omnino
1185 1259 1232 1312 est
1252 1239 1460 1313 conformitas

580 1364 614 1440 in
636 1363 815 1441 charactere
836 1388 898 1441 nee
917 1386 991 1436 eum
1007 1363 1140 1455 postillis
1162 1362 1242 1435 anni
1267 1380 1379 1451 1471,
1398 1382 1460 1436 nec

580 1505 656 1559 eum
677 1481 812 1550 Hearico
833 1482 1051 1567 Ariminensi,
1072 1497 1125 1550 ant
1144 1503 1218 1549 curn
1236 1479 1460 1576 contemplatio·

580 1602 673 1679 nibus
697 1600 892 1681 loannisdc
920 1598 1143 1670 Turrccremara
1162 1599 1243 1669 anni
1270 1620 1374 1691 1472.

532 1823 560 1906 7
588 1796 755 1915 Henricl
779 1799 1045 1879 Ariminensis
1069 1823 1169 1905 opus
1194 1790 1243 1881 de
1272 1822 1317 1877 tv
1341 1797 1460 1880 virtu·

589 1929 694 2017 tibus
714 1926 993 2021 Cardinalibus
1014 1956 1105 2012 cum
1129 1924 1262 2014 tabula
1290 1928 1458 2015 Thonne

503 2124 508 2130 .
589 2058 1474 2179 Do'rnibcrgfactaanno1472.In-fol,·3
1578 2080 1581 2084 ·

588 2222 642 2282 m.
673 2224 706 2283 r.

627 2366 662 2435 ln
698 2367 761 2436 tine
792 2366 932 2463 legitur:
963 2368 1040 2443 Arre
1071 2368 1262 2460 impressoria
1291 2366 1461 2463 Argentine

580 2486 739 2574 artificiose
759 2488 908 2583 ffgiams
925 2484 1049 2581 feliciter
1066 2488 1196 2578 explicit.
1221 2484 1338 2579 Pagina
1358 2484 1458 2579 prima

517 2599 520 2603 ’
579 2603 675 2674 habet
698 2627 744 2697 34
767 2605 887 2690 lineas,
908 2622 1075 2675 numerato
1103 2603 1193 2675 titulo
1217 2602 1328 2674 colore
1360 2602 1457 2673 rubro

579 2720 762 2813 impress03
788 2721 896 2791 ultima
927 2720 1008 2791 veri>
1041 2718 1204 2793 numerati
1229 2719 1458 2815 subscriptione
1528 2809 1531 2815 ¹
1616 2744 1622 2756 ·

579 2836 676 2906 habet
693 2862 761 2925 20,
785 2857 817 2907 et
837 2820 1036 2909 initio'exnt
1055 2840 1156 2910 littera
1177 2838 1353 2935 principalis
1369 2836 1458 2933 ligno
1491 2877 1494 2881 ·

579 2952 690 3032 incisa.
708 2954 806 3049 Caret
822 2957 953 3052 signat,
970 2981 1057 3034 num.
1076 2975 1108 3055 et
1124 2955 1247 3030 custod.
1264 2956 1458 3075 Subscriptio

579 3073 612 3147 in
634 3072 696 3143 fine
716 3072 825 3145 indicis
844 3072 955 3144 eadem
978 3093 1024 3145 est
1045 3100 1082 3147 ac
1105 3075 1137 3144 in
1159 3073 1297 3145 editione
1321 3072 1457 3169 Spirensi

580 3191 757 3288 superiori,
781 3211 813 3263 et
833 3216 905 3263 curn
922 3190 1033 3266 eadem
1053 3193 1126 3271 anni
1148 3190 1236 3266 noti.
1307 3261 1309 3267 .

627 3310 731 3390 Braun
749 3336 768 3381 a
787 3336 859 3407 pag.
879 3309 926 3383 80
945 3310 986 3383 ad
1009 3309 1051 3410 85
1076 3331 1219 3389 recenset
1240 3310 1337 3383 multa
1361 3311 1458 3383 volu·

578 3428 664 3505 tnina
696 3454 736 3503 ex
766 3454 902 3525 quorum
929 3432 1169 3525 comparatione
1206 3428 1367 3504 concludit
1393 3430 1456 3499 irn-

505 3539 509 3546 ’
579 3571 684 3644 pressa
708 3546 800 3620 fuisse
825 3572 865 3617 ex
887 3548 1013 3633 eodem,
1025 3546 1157 3619 omnini)
1182 3548 1363 3627 charactere
1388 3573 1456 3643 quo

578 3687 746 3757 praesens,
768 3684 801 3735 et
817 3666 891 3738 haec
922 3691 941 3736 e
963 3665 1062 3761 praelo
1086 3663 1251 3736 Valdarfer
1280 3664 1456 3751 Mediolani

393 3784 404 3805 ⁶
579 3782 741 3860 emersisse
769 3781 927 3872 affirmat3
951 3784 1007 3859 sed
1035 3783 1221 3889 principium
1248 3782 1314 3877 ejus
1342 3782 1455 3862 erroris
