3742 5109
685 569 716 639 A
742 566 777 639 Ν
801 566 835 640 Ν
861 566 917 643 ΟΙ
951 588 1055 663 1473.
1261 582 1340 661 311²

455 700 511 778 diti
537 707 694 778 millesimo
715 707 1010 803 quadringentesimo
1041 704 1256 801 septuagesimo
1280 728 1336 794 ter-

454 829 526 914 tio‚·
558 848 643 895 sexto
662 827 731 894 idees
760 825 891 918 Aprilis.
913 815 1013 915 finita
1039 824 1092 893 deo
1110 823 1244 911 juvante
1260 847 1336 913 pet·

446 941 532 1031 setta
554 970 609 1035 qne
635 966 680 1013 est
697 946 752 1013 illa
773 946 886 1040 egregia
908 969 1032 1013 summa
1061 944 1180 1012 Fratris
1193 941 1336 1030 Rainerii
1361 949 1368 963 ⁸

456 1064 491 1130 de
520 1063 606 1131 Pisis
640 1063 770 1132 Ordinis
798 1064 1064 1132 Proditatorum:
1093 1086 1159 1152 qun
1183 1064 1246 1129 alio
1273 1086 1336 1129 no-

455 1181 536 1247 mine
556 1170 780 1277 pantlnologia‘
805 1182 895 1272 quasi
928 1200 993 1249 tom
1017 1180 1164 1275 theologia
1188 1180 1276 1248 taut
1294 1180 1336 1247 ab

456 1324 486 1367 re
509 1321 616 1369 notata
648 1321 693 1369 est
714 1325 771 1391 per
801 1300 1003 1368 industriosos
1035 1300 1230 1390 impressoria
1259 1299 1336 1367 anis
1434 1359 1436 1364 ,
1542 1299 1553 1311 ’

455 1418 617 1514 magistros
645 1398 755 1488 loleim
779 1418 999 1489 Sensentlzmid
1022 1419 1060 1486 de¹
1085 1417 1172 1513 Egra
1193 1437 1221 1485 tt
1247 1415 1347 1484 th·‘

456 1535 550 1602 ritum
569 1533 667 1623 ther
690 1540 726 1606 dt
748 1515 919 1634 Magantia
936 1532 1034 1633 (non
1054 1517 1144 1606 vetii
1158 1521 1336 1623 Koler,ut

456 1650 624 1746 perperim
635 1652 834 1737 Mainaireet
857 1651 1166 1750 alii,)Nurmbergoe
1191 1653 1274 1721 urbis
1292 1643 1337 1719 ci-

455 1795 515 1842 res.
542 1796 576 1840 eo
598 1775 958 1871 apposito-imprimendi
983 1773 1084 1843 studio
1119 1793 1148 1840 tt
1173 1797 1209 1840 ea
1240 1771 1358 1844 corri-.

452 1889 545 1981 gendi
564 1891 720 1986 diligentia
746 1918 801 1983 qut
828 1893 967 1961 adhibita
990 1915 1053 1983 qua
1075 1889 1178 1978 major
1202 1888 1336 1977 adhiberi

456 2008 513 2077 rix
530 2010 641 2096 possit.
666 2010 836 2099 deqnefine
856 2010 984 2077 sitlans
1009 2031 1038 2078 ee
1058 2011 1159 2104 gloria
1179 2009 1233 2078 deo
1254 2008 1336 2075 trino
1435 1996 1440 2003 ’

457 2143 487 2189 et
516 2148 580 2190 uno
608 2126 661 2214 qni
687 2147 731 2194 est
750 2150 810 2217 per
834 2129 934 2195 secula
962 2127 1138 2196 benedictus.
1160 2150 1267 2218 amen.¹

421 2264 425 2271 “
503 2257 626 2329 Primus
648 2277 757 2340 autem
785 2260 893 2353 incipit
919 2260 1104 2355 praefatione
1129 2260 1163 2330 in
1196 2260 1349 2333 tabulam'

457 2376 605 2471 primam.
632 2378 668 2447 In
694 2375 754 2449 hic
782 2396 888 2449 autem
921 2378 1077 2474 singulare
1102 2378 1166 2452 hoc
1191 2377 1335 2473 legitur:

449 2498 665 2585 promonitnm
698 2517 800 2565 tamen
838 2522 901 2566 esse
929 2499 1016 2587 cupio
1048 2499 1212 2567 lectorem:
1255 2477 1336 2565 lane

455 2616 594 2683 tabeelim
619 2639 677 2706 per
696 2616 804 2684 omnia
826 2639 892 2684 non
913 2616 1056 2685 omnibus
1077 2637 1235 2707 competere
1249 2638 1337 2705 pam
1449 2627 1465 2650 ¹
1483 2646 1498 2657 ²

453 2734 610 2829 vtheologiis
630 2734 684 2805 sed
705 2743 828 2804 tannem
854 2735 916 2804 illis
946 2757 1012 2826 qua
1033 2755 1110 2825 post
1136 2725 1337 2803 annum-deii

406 2955 408 2960 Δ
453 2850 694 2923 MCCCCLIX
706 2880 746 2924 ex
762 2854 919 2925 Gandaro
937 2856 1092 2923 duxerunt
1110 2855 1255 2948 originem
1271 2870 1336 2926 etc.
1360 2940 1365 2951 x

406 2955 419 2979 ³
454 2972 541 3065 Ergo
574 2970 680 3041 inferri
711 2990 817 3067 potest
847 2969 996 3042 Gandavi
1029 2970 1127 3068 long&
1151 2991 1224 3043 ante
1250 2970 1336 3042 hanc
1448 3017 1450 3023 ,
1525 2961 1527 2966 ¹

416 3153 419 3159 .
454 3089 629 3159 sditionem
653 3090 806 3191 prodiisse
834 3090 938 3163 aliam.
972 3090 1116 3163 Praeeunt
1151 3087 1240 3183 operi
1271 3106 1335 3159 tres

455 3207 570 3309 tabplae
598 3233 669 3302 quae
698 3232 744 3302 30
767 3228 926 3303 occupant
957 3209 1056 3294 folia3
1084 3226 1117 3279 et
1152 3206 1335 3278 terminatur

340 3400 346 3417 ,
455 3342 560 3395 tomus
581 3325 699 3419 primus
726 3350 800 3396 cum
831 3329 950 3396 dotibus
984 3328 1108 3399 anima.

504 3460 666 3533 Secundus
690 3461 797 3557 incipit
826 3487 900 3534 cum
932 3465 1092 3553 ebrietate,
1121 3480 1154 3533 et
1182 3459 1334 3533 termina-

453 3598 505 3651 tur
539 3606 614 3652 cum
641 3584 746 3651 ordint
774 3585 1003 3653 sacramentali.
1156 3588 1158 3592 ’

502 3698 629 3772 Tertius
652 3701 759 3796 incipit
786 3727 860 3773 cuin
879 3705 1028 3793 passione
1059 3701 1130 3790 κεί,
1163 3717 1198 3772 et
1223 3696 1334 3770 termi-

456 3837 547 3892 natur
574 3845 649 3893 cum
672 3819 760 3895 Zelo.
799 3805 974 3894 Character
1011 3820 1156 3919 gothicus
1195 3819 1332 3892 minutus

1092 3941 1177 4015 Viv
