3742 5109
376 647 381 659 .
509 585 558 679 92
678 580 1269 678 mumABANN01470;

656 745 782 835 Nacqui
795 746 829 813 in
840 744 955 842 firenge
968 770 977 814 t
991 747 1049 813 tzor
1059 746 1161 836 riposo
1174 770 1194 813 a
1206 747 1304 837 quello

657 888 679 929 a
698 883 802 932 cento:
814 861 899 953 sotto
921 867 954 930 la
973 888 1063 957 gram
1082 866 1220 958 signoria

657 980 692 1048 dc
712 982 865 1078 bolognesi
889 985 960 1070 quel
978 983 1066 1049 nobil
1087 985 1208 1051 castello

651 1123 708 1188 per
720 1096 813 1190 fama
826 1124 905 1189 :per
921 1101 1043 1198 gloria:
1066 1127 1081 1169 e
1096 1126 1152 1191 per
1168 1101 1280 1169 honore

657 1213 790 1302 hofacto
801 1237 906 1311 questa
916 1219 1023 1287 istoria
1037 1244 1073 1314 ‘p
1079 1220 1145 1312 fito
1160 1244 1273 1293 amore.

607 1412 706 1485 Caret
729 1416 894 1505 numeris,
916 1415 1101 1511 signaturis,
1128 1414 1341 1504 custotiibus,
1364 1415 1439 1486 titua

559 1531 619 1620 tis,
641 1551 674 1602 et
692 1534 790 1621 anni,
813 1534 875 1604 loci
895 1560 933 1604 ac
950 1534 1163 1631 Typographi
1180 1532 1279 1619 not&
1297 1532 1351 1603 sed
1364 1534 1441 1603 cha·

560 1668 661 1725 racter
670 1652 826 1746 pertinere
839 1651 963 1723 videtur
974 1651 1014 1722 ad
1025 1652 1201 1748 Azzoguidi
1213 1704 1224 1741 ,
1236 1651 1319 1722 circa
1335 1675 1438 1740 1471.

560 1767 677 1842 Omnis
693 1769 806 1868 pagina
821 1768 917 1839 habet
936 1794 983 1860 24
1001 1795 1122 1842 versus.
1238 1868 1242 1876 Ι

540 1882 542 1884 ’
609 1884 673 1955 Pro
692 1883 1009 1963 Tomeamentorum
1028 1884 1158 1961 histonii
1180 1883 1307 1981 antiqua
1330 1884 1438 1955 haberi

560 2001 656 2074 debet
683 2030 764 2101 opus
796 2031 970 2101 praesem‚
1005 2024 1156 2105 tanquam
1193 2024 1438 2076 monumentum

560 2122 646 2193 utile.

611 2280 735 2353 Onus
758 2280 911 2354 nonni
933 2297 1249 2354 anmsstuum.

609 2437 741 2508 Annum
758 2436 991 2511 Torneamenti
1001 2436 1123 2510 'edocet
1134 2436 1222 2509 tertia
1237 2435 1374 2536 pagina,
1391 2435 1438 2505 his

560 2553 685 2627 duobus
709 2559 872 2629 versibus:

634 2755 786 2823 Contendo
802 2759 832 2824 el
843 2758 944 2844 mille,
961 2778 1069 2858 quatro
1086 2776 1170 2824 cento
1176 2754 1294 2847 sectum

581 2862 585 2871 ’
633 2874 687 2940 adi
700 2894 821 2963 quatuo
837 2876 969 2941 donobre
984 2898 1080 2942 musso
1096 2874 1122 2941 il
1135 2873 1223 2940 conio

634 3015 714 3064 come
731 2995 764 3059 la
774 2992 869 3089 storia
885 3013 1085 3084 apertamente
1101 3011 1217 3078 cunta,
1238 3005 1300 3060 etc.

515 3214 568 3291 27
597 3161 656 3272 Sti
694 3190 887 3275 Bernardi
923 3188 1093 3273 Abbatis
1131 3176 1438 3274 Clarevallensis

567 3320 751 3459 epistolae
774 3328 878 3434 196,
905 3322 1050 3436 quibus
1074 3320 1298 3411 accedunt:
1332 3399 1334 3404 ,

628 3514 692 3597 De
715 3512 872 3599 miseriti
894 3542 932 3598 et
957 3513 1150 3598 brevitate
1175 3518 1285 3597 vitan.-

626 3647 690 3729 De
714 3645 1002 3731 tentationibus
1028 3671 1068 3729 et
1098 3645 1209 3736 odio.
1283 3728 1285 3733 ,

627 3779 690 3862 De
710 3775 820 3868 boni
843 3806 882 3863 et
907 3774 1009 3869 malai
1035 3772 1252 3878 voluntate.
