3742 5109
566 581 659 657 AD
710 577 992 659 ANNUM.
1046 587 1151 676 1460.
1275 607 1322 688 23

474 722 655 796 Charactet
672 721 758 794 idem
771 749 837 822 quo
849 723 1027 794 Hieronimi
1037 728 1191 817 epistolio,
1206 747 1238 794 et
1251 728 1325 796 Au-

419 846 576 941 gustinus
593 846 630 915 de
646 845 764 913 civitate
780 845 869 932 Dei,
887 868 924 914 ac
945 843 1050 915 ceteri
1065 839 1157 934 hujus
1175 842 1324 941 Catalogi

423 962 525 1052 libri,
543 961 618 1034 editi
635 960 675 1033 ad
690 961 826 1033 formam
844 962 1008 1058 Virgiliani
1025 962 1212 1034 characteris
1230 962 1320 1035 incisi

427 1080 521 1176 apud
545 1079 775 1172 la·Vallidre,
802 1106 900 1178 quem
927 1078 1106 1172 adjudicant
1129 1081 1323 1154 recentiores

426 1197 650 1294 Bibliographi
674 1200 829 1271 Mantelio
850 1198 1321 1300 ArgentinensiTypographo.

430 1315 642 1389 Terminatur
665 1319 822 1390 volumen
844 1343 918 1390 cum
942 1315 1044 1414 primi
1065 1316 1132 1389 folii
1155 1318 1238 1390 versi
1260 1343 1324 1397 co·¹

427 1434 568 1528 lumnd,
592 1454 624 1507 et
650 1462 726 1508 cum
751 1460 796 1532 27
822 1436 922 1510 lineis.

372 1641 405 1728 7
439 1612 582 1697 Sancti
609 1613 855 1730 Augustini,
878 1611 927 1697 de
950 1617 1111 1698 civitate
1134 1614 1239 1723 Dei,
1264 1610 1320 1694 li-

436 1746 502 1831 bri
532 1770 658 1849 xx113
684 1776 777 1832 cum
802 1771 1020 1831 comment.
1038 1746 1208 1831 Thomae
1228 1748 1318 1845 An-

435 1875 549 1996 glici.
574 1876 714 1964 In-fol.
738 1909 794 1964 m.
817 1909 851 1965 r.
1035 1864 1038 1868 ⁵

477 2047 593 2144 Incipit
614 2077 633 2122 a
655 2070 765 2123 textu:
783 2054 1038 2148 gloriosissimam
1071 2054 1252 2141 civitatem,
1280 2076 1296 2120 a

430 2170 606 2242 discrimen
628 2191 814 2244 caetetarum
837 2173 1013 2244 editionum
1029 2173 1069 2243 ab
1088 2198 1175 2244 anno
1199 2171 1320 2261 1468,
1430 2175 1433 2180 ’

430 2309 464 2360 et
484 2289 667 2361 terminatur
689 2290 770 2370 folio
795 2315 890 2362 verso
916 2316 991 2368 cum
1013 2288 1152 2361 secundi
1169 2285 1320 2359 columud

429 2408 482 2477 his
499 2407 605 2477 verbis
628 2410 890 2481 constituentibus
919 2419 1000 2507 15⁰¹.
1025 2408 1141 2478 lineam
1153 2433 1161 2478 :
1169 2408 1266 2500 finito
1282 2410 1322 2475 li·

426 2529 484 2597 bro
503 2530 547 2596 sit
567 2531 637 2598 laus
654 2550 683 2597 et
700 2531 802 2625 gloria
825 2530 925 2600 cristo.

477 2644 572 2716 Folio
606 2646 750 2742 sequenti
784 2645 940 2739 incipiunt
976 2644 1197 2717 commentarii
1230 2641 1319 2734 cuius

424 2761 537 2835 titulus
559 2765 796 2860 manuscriptus
821 2762 865 2836 sic
892 2764 1016 2835 habet:
1043 2767 1151 2857 incipit
1171 2787 1319 2834 commun

424 2884 554 2954 fratris
579 2883 702 2953 Thomu
721 2883 849 2979 Anglici
871 2885 937 2954 ord.
955 2886 1146 2973 predicator.
1169 2908 1258 2973 super
1276 2884 1319 2950 li·

424 3004 502 3071 bros
519 3002 570 3069 Sti
587 3001 758 3097 Augustini
774 3003 809 3069 de
830 3003 949 3071 civitate
962 3003 1009 3069 dei
1028 3018 1085 3089 ,et
1101 3026 1172 3095 pars
1189 2999 1240 3070 illa
1253 3018 1319 3071 ter·

423 3117 570 3191 minatur
597 3117 700 3189 indice
727 3142 771 3192 ιο
797 3117 964 3190 foliorum.

476 3234 603 3308 Textus
629 3237 724 3308 habet
758 3261 805 3329 24
828 3235 934 3325 folia,
964 3234 1193 3332 commentario
1214 3231 1317 3323 verb,

419 3380 503 3448 cum
525 3354 653 3444 indice,
682 3352 741 3450 83.

351 3463 357 3470 ⁵
474 3475 515 3544 In
544 3471 682 3544 editione
712 3472 905 3569 Moguntind
932 3474 1008 3544 anni
1043 3495 1161 3567 1473,
1185 3470 1316 3566 quilibet

414 3596 507 3667 liber
534 3591 568 3660 in
590 3592 695 3663 fronte
725 3593 822 3664 habet
846 3592 983 3665 indicem
1006 3591 1260 3687 Capitulorum3
1284 3590 1316 3657 in

413 3718 487 3785 hac
513 3708 596 3780 verb
617 3736 684 3783 non
708 3732 815 3802 extat,
835 3711 893 3783 nisi
916 3713 949 3783 in
972 3730 1108 3811 quatuor
1132 3706 1317 3806 posteriori·

412 3834 487 3906 bus
511 3828 607 3905 libris.
966 3839 969 3844 '
1098 3926 1144 3997 B·

1138 3950 1170 3996 tv
