3742 5109
566 596 638 672 280
830 579 1222 664 LIBRISUB

566 753 612 879 μ’
646 765 807 853 Nicolai
844 765 894 851 de
927 768 1033 876 Lyra
1073 759 1245 876 postillae
1280 767 1324 844 in
1360 784 1496 846 totum
1600 756 1602 761 ’

531 939 541 958 ·
619 928 772 987 novum
796 924 1075 983 testamentum
1100 925 1190 982 cutn
1218 892 1495 978 additionibus

620 1030 731 1117 Pauli
751 1034 980 1151 Burgensis.
1007 1058 1125 1142 1472.
1149 1024 1286 1113 In·fol.
1312 1055 1365 1108 m.
1387 1055 1422 1111 r.

643 1222 771 1317 ‘Incipit
809 1222 890 1292 sic:
925 1224 1057 1313 postilla
1095 1245 1184 1313 snper
1218 1219 1351 1288 Matini
1382 1215 1496 1299 fratris

616 1343 742 1413 Nicolni
773 1341 809 1409 de
835 1340 921 1431 Lyra
944 1341 1061 1409 ordinis
1090 1341 1235 1409 Fratrum
1262 1337 1424 1405 Minontnz
1447 1338 1497 1405 in·

546 1533 548 1539 ,
616 1462 698 1552 civit.
726 1457 850 1532 Folium
880 1456 1024 1553 quintum
1060 1458 1093 1527 in
1128 1455 1360 1552 Apocalypsin
1394 1478 1497 1524 unam

615 1577 711 1647 habet
729 1576 913 1646 columnam
930 1598 970 1647 ex
993 1572 1124 1669 utrique
1146 1593 1234 1668 pane
1257 1573 1383 1657 albam,
1409 1589 1440 1641 et
1461 1571 1496 1641 in

616 1693 681 1763 fine
708 1692 921 1789 Apocalypsis
945 1692 1080 1786 legitur:
1104 1690 1155 1760 M.
1172 1690 1306 1765 CCCC.
1324 1688 1465 1761 LXXII.

665 1829 860 1917 columnae,
881 1830 975 1899 etiam
990 1827 1119 1923 prima,
1137 1829 1253 1897 habent
1275 1830 1320 1897 62
1343 1827 1440 1896 lineas
1463 1845 1498 1899 et

619 1948 728 2018 ultima
754 1944 808 2044 58.
831 1945 963 2040 Absque
985 1945 1094 2041 signat.
1106 1998 1119 2032 ,
1136 1935 1224 2015 nuin.
1247 1963 1279 2016 et
1300 1943 1497 2017 custodibus.

537 2155 540 2159 Δ
623 2064 797 2135 Chatactet
816 2060 900 2133 idem
922 2083 969 2133 est
995 2088 1032 2133 ac
1055 2065 1154 2134 sancti
1181 2064 1346 2159 Augustini
1371 2067 1406 2132 de
1432 2086 1498 2132 ane

614 2185 815 2276 predicandi,
833 2209 872 2252 ex
892 2183 1019 2252 editione
1041 2182 1189 2254 Menulii.
1213 2182 1302 2252 Nihil
1330 2180 1413 2277 apud
1439 2181 1498 2252 Bi-

618 2300 824 2399 bliogtaphos
849 2290 957 2372 inveni
983 2299 1023 2371 de
1050 2301 1110 2372 hae
1135 2300 1283 2373 editione.
1396 2279 1401 2293 ⁸

572 2546 623 2628 32
655 2519 680 2608 J
683 2525 825 2604 oannis
863 2485 1002 2630 Nyder
1039 2523 1331 2632 preceptorium
1360 2520 1499 2606 divine

627 2648 743 2772 legis.
771 2648 909 2735 Infol.
939 2682 992 2735 m.
1019 2678 1052 2735 r.

669 2861 705 2930 In
725 2861 787 2931 fine
804 2862 935 2957 legitur:
954 2866 1132 2954 impressum
1157 2866 1278 2933 Colonie
1294 2888 1359 2954 pat
1385 2865 1500 2960 magis-

622 3004 701 3049 trum
727 2980 902 3051 Iohannem
942 2980 1087 3070 Koelkof
1110 2984 1144 3053 de
1175 2982 1288 3053 Lubiclt
1326 3008 1412 3053 anno
1442 2976 1502 3096 dni

623 3100 672 3173 M.
698 3098 832 3172 CCCC.
857 3100 995 3175 LXXII.

633 3314 635 3319 ,
670 3237 768 3311 Tituli
790 3259 1023 3335 praeceptorum
1046 3230 1307 3336 et'capituloruin
1328 3242 1359 3311 in
1381 3240 1502 3335 princi-

622 3357 678 3452 pio
700 3358 870 3429 voluminis
905 3377 994 3431 tecto
1025 3360 1146 3431 tantiun
1177 3361 1395 3455 imprimuntur
1423 3385 1435 3445 3
1467 3361 1503 3431 in

624 3475 687 3545 fine
711 3473 790 3547 vetd
811 3478 932 3547 numeri
954 3478 1162 3573 capitulorum
1185 3478 1377 3575 quanddque
1400 3479 1502 3547 arith-

623 3593 742 3664 metito
766 3619 900 3665 numero
922 3613 954 3667 et
977 3596 1169 3692 quandoque
1189 3598 1348 3690 appellatis
1365 3596 1501 3667 vocibus

626 3732 856 3800 imprimuntur.
