3742 5109
591 595 669 685 ‘172'
767 579 924 657 LIBRI
948 577 1017 654 AB
1041 577 1211 654 ANNO
1240 597 1351 678 1470,

641 740 781 838 numeris
814 760 848 814 et
877 740 1070 814 custodibus.
1106 738 1194 812 Cum
1229 757 1335 812 autem
1369 737 1523 819 Nicolaus

642 862 776 936 Tronus
787 915 800 953 ,
813 861 1022 934 Venetiarum
1038 858 1141 946 Dux,
1159 858 1272 929 obierit
1289 877 1361 931 ante
1378 885 1524 933 mensem
1548 842 1588 871 ‘'

641 982 805 1078 Augusti,
833 980 907 1051 anni
942 1002 1059 1070 1474,
1089 978 1227 1075 sequitur
1252 976 1460 1051 Vindelinum
1481 981 1549 1061 li-⁴

641 1101 735 1173 brum
756 1100 843 1172 hunc
865 1098 1056 1196 impressisse
1079 1114 1153 1170 ante
1182 1120 1326 1169 mensem
1346 1116 1380 1169 et
1401 1124 1524 1172 annum

640 1216 837 1315 praedictum.
1376 1237 1379 1243 ·

595 1440 673 1551 165
705 1435 906 1522 Plutarchi
922 1435 1249 1552 Historiographi
1271 1436 1404 1521 Graeci
1421 1433 1521 1523 liber

645 1570 697 1658 de
719 1576 814 1658 viris
841 1567 1095 1675 clarissimis,
1117 1599 1139 1652 e
1162 1569 1307 1653 Graeco
1335 1565 1522 1655 sermone

522 1741 532 1765 .
644 1709 689 1789 in
720 1706 941 1807 Latinum,
969 1702 1135 1792 diversis
1163 1699 1425 1814 plurimorum
1456 1708 1530 1787 in··

645 1834 999 1948 terpretationibus
1032 1841 1219 1922 vvirorum
1263 1832 1518 1945 illustrium,

646 1966 873 2056 translatus.
897 1966 1036 2056 In·fol.
1054 1969 1178 2055 Tomi
1197 1968 1309 2078 duo,
1326 1997 1380 2053 m.
1400 1999 1434 2053 r.

613 2282 616 2286 ,
686 2202 815 2297 Operi,
832 2198 920 2293 eujus
938 2200 990 2275 hic
1005 2202 1115 2305 titulus.
1127 2201 1316 2290 exhibetur,
1337 2218 1451 2296 praeest
1467 2202 1518 2275 fo·

637 2320 713 2394 lium
736 2320 778 2393 ad
803 2318 891 2411 cujus
919 2340 1010 2393 recto
1033 2338 1122 2393 emat¹
1141 2322 1274 2417 epistola
1294 2319 1424 2392 loannis
1447 2320 1518 2392 An·

635 2438 719 2513 tonii
741 2439 923 2536 Campani,
945 2439 985 2512 ad
1006 2439 1210 2511 Cardinalem
1232 2439 1405 2511 Senensem
1429 2419 1521 2539 (eu-i

574 2557 579 2568 '
637 2556 712 2629 dem
733 2583 771 2630 ac
794 2560 827 2628 in
846 2557 986 2630 editione
1006 2557 1108 2631 Ulrici
1132 2558 1245 2658 Galli)
1267 2577 1298 2630 et
1319 2559 1401 2631 solio
1421 2583 1519 2632 verso

636 2677 802 2773 registrum
825 2676 962 2748 vitarum
983 2702 1058 2749 cum
1081 2678 1212 2749 nomine
1237 2679 1469 2752 translatorum.

684 2811 771 2884 Cum
791 2813 923 2909 epistola
946 2813 1101 2909 Philelphi
1123 2833 1155 2886 et
1177 2816 1270 2912 gestis
1292 2815 1412 2887 Thesei
1436 2814 1520 2888 inei-¹
1558 2877 1561 2883 .

636 2929 712 3026 cipit
739 2957 851 3027 opus,
882 2930 972 3029 quod
1001 2933 1184 3005 terminatur
1211 2959 1286 3006 cum
1313 2933 1379 3005 viti
1406 2933 1519 3007 Caroli

556 3115 558 3118 .
633 3047 769 3146 Magni,
791 3050 871 3122 folio
890 3033 1004 3142 recto,
1023 3071 1055 3125 et
1075 3078 1149 3124 cum
1173 3077 1218 3123 22
1238 3054 1337 3125 lineis.

681 3186 882 3262 Describitur
908 3190 1044 3287 catalog.
1070 3193 1100 3263 la
1126 3190 1296 3282 Valliere,
1330 3192 1391 3264 ΝΟ.
1424 3210 1516 3290 5572

558 3339 563 3343 ·
632 3307 687 3378 ubi
713 3308 859 3381 inciditur
882 3310 982 3381 littera
996 3308 1058 3417 R
1074 3311 1261 3407 singularis,
1287 3308 1328 3379 de
1355 3307 1418 3406 qui
1443 3308 1517 3382 vide

553 3480 555 3485 -
633 3426 674 3496 ad
695 3428 799 3499 Mati.
823 3432 975 3521 Sylvatici
993 3433 1166 3500 Pandectas
1187 3430 1403 3517 medicinales,
1420 3444 1483 3499 etc.

630 3596 633 3605 ¹
680 3564 786 3637 Editio
803 3568 872 3639 haee
895 3568 1023 3663 elegans
1039 3586 1212 3639 transumta
1234 3564 1292 3637 fuit
1310 3592 1350 3636 ex
1367 3562 1517 3637 Romani

521 3714 524 3721 ·
632 3680 734 3753 Ulrici
754 3685 864 3779 Galli,
880 3705 918 3780 ¹et
940 3711 1001 3782 pro
1019 3683 1159 3770 secundi
1179 3684 1288 3756 haberi
1310 3683 1404 3757 debet
1424 3679 1516 3773 hujus

633 3817 782 3876 auctoru.
849 3829 867 3844 “
