3742 5109
489 554 1128 648 ‘''ADANNUM146o
1260 583 1304 654 1]

419 679 572 792 nuscripti
587 717 682 785 sunt,
704 718 736 767 et
753 694 965 767 desiderantur
987 696 1135 784 numeri,
1157 694 1304 767 custodes

422 841 460 886 ac
472 816 650 911 signaturae.
667 814 995 910 Characterappritne
1011 814 1164 886 ‘convenit
1182 812 1304 885 cusnli⁴

422 934 482 1003 bro
499 933 598 1005 sancti
617 934 784 1029 Augustini
807 937 842 1002 de
863 952 925 1002 arte
942 936 1146 1024 predicandi,
1170 932 1304 1004 aMana

423 1054 498 1123 telio
516 1053 679 1147 impressos
697 1052 773 1124 Hoc
790 1052 881 1148 igitur
892 1053 1053 1149 exemplar
1067 1052 1208 1147 perfecte
1228 1078 1303 1124 eon-¹

421 1172 576 1242 formatur
590 1196 663 1242 curn
674 1171 728 1242 illo
742 1170 832 1268 quod
843 1169 1073 1268 descripserunt
1081 1170 1302 1265 Schoepflinus

423 1309 455 1361 et
465 1290 650 1386 Weslinger
667 1290 700 1360 in
716 1294 955 1360 armamentario
972 1316 1030 1359 suo
1044 1293 1208 1377 catholico,
1221 1317 1299 1387 pag.

431 1408 469 1480 18
476 1463 488 1496 ,
498 1414 546 1510 acl
555 1436 633 1481 auu.
651 1414 761 1503 14691,
773 1433 801 1479 et
803 1437 879 1506 pag.
896 1434 935 1505 31
948 1464 960 1498 ‚
972 1430 1003 1480 et
1014 1409 1127 1479 David
1138 1409 1300 1482 clement.

424 1526 484 1598 Sed
507 1528 584 1599 licet
609 1529 643 1600 in
666 1528 769 1600 multis
792 1517 965 1599 conveniat
992 1555 1066 1599 curn
1091 1527 1300 1623 descriptione

423 1647 475 1719 Ni.
494 1649 593 1737 4260
608 1695 620 1739 ,
638 1653 737 1740 suppl.
755 1650 863 1717 Maitt.
880 1646 1019 1718 Domini
1035 1647 1158 1738 Denis‚
1180 1647 1300 1718 disere-¹

425 1785 477 1862 pat
499 1745 665 1837 tamenin
687 1766 857 1863 quantitate
878 1767 1031 1838 linearum
1051 1793 1128 1864 quas
1149 1792 1217 1837 esse
1241 1787 1300 1838 nu-

424 1910 512 1956 mero
535 1890 583 1976 64
604 1910 621 1974 ,’
645 1888 678 1955 in
708 1884 896 1983 uniquique
935 1885 1085 1957 columnia
1109 1884 1229 1982 integri
1253 1887 1300 1956 af·

420 2004 530 2077 firmat.
548 2006 584 2073 In
596 2024 685 2099 parte
703 2004 855 2101 superiori
867 2004 1007 2099 ligaturae
1023 2007 1158 2102 antiquae
1170 2004 1300 2076 secundi

421 2123 609 2212 voluminis,
621 2123 735 2195 iteratis
753 2124 832 2195 locis
841 2176 854 2211 ,
873 2125 1028 2194 candente
1041 2125 1126 2194 ferro
1137 2125 1298 2218 impressae·

421 2241 604 2313 videbantur
630 2231 772 2338 sequenti
801 2240 903 2312 modo
927 2241 1057 2312 litterae:
1157 2242 1195 2309 M
1230 2253 1267 2313 ss

323 2406 326 2410 -
421 2384 489 2454 quae
516 2363 642 2431 Manul
671 2360 844 2455 significare
873 2359 1048 2431 videnturz
1135 2359 1163 2426 E
1190 2356 1224 2426 T
1255 2385 1275 2429 a

370 2553 393 2648 ς
430 2534 489 2620 De
521 2557 605 2622 arte
640 2535 904 2650 predicandi,
936 2540 1020 2622 sive
1044 2533 1180 2619 Sancti
1210 2536 1297 2620 Au-·

429 2679 580 2786 gustini
598 2669 698 2756 liber
717 2695 878 2785 quartus
895 2669 946 2755 de¹
961 2665 1145 2754 doctrin&
1160 2669 1294 2753 Chris·

425 2803 543 2889 tiana.
572 2802 720 2890 In-fol.
753 2829 807 2889 m.
835 2826 875 2891 u
1031 2801 1035 2808 '

466 2998 560 3070 Folio
576 3009 672 3069 verso
690 2985 796 3093 incipit
812 2997 964 3093 prologus
980 2981 1026 3066 his
1043 2979 1166 3068 vetitis:
1181 2996 1291 3064 Canon

416 3120 696 3209 pruonmendacoe
711 3114 931 3203 lruiusfamosi
947 3119 1043 3207 operis
1060 3118 1124 3185 siue
1139 3117 1231 3184 libelli
1247 3135 1293 3183 se-⁴

414 3231 532 3324 quitis,
549 3237 585 3303 tle
604 3255 666 3303 arte
679 3237 858 3324 predicandi
878 3238 978 3303 sancti
999 3235 1180 3329 Augustini.
1205 3231 1292 3321 Quae

415 3352 513 3421 verba
530 3351 653 3446 capitali
674 3353 856 3423 charactere
877 3355 994 3424 coloris
1011 3352 1090 3446 nigri
1112 3349 1290 3444 exprimun-

413 3479 491 3556 tur,
508 3488 540 3539 et
563 3470 632 3541 haec
645 3472 756 3565 pagina
778 3472 878 3565 prima
894 3471 989 3540 habet
1012 3493 1056 3563 39
1074 3468 1190 3557 lineas,
1213 3467 1292 3539 sicut

380 3603 535 3676 ,ceterae
567 3588 704 3684 integrae.
743 3590 894 3685 Occupat
932 3587 1085 3684 prologus
1125 3606 1293 3688 utramque

407 3705 561 3801 paginam
586 3708 676 3802 primi
705 3709 798 3796 folii,
818 3727 851 3779 et
875 3732 915 3802 31
940 3708 1037 3788 lineas
1057 3708 1225 3802 sequentias
1241 3708 1291 3792 ,In

320 3899 325 3907 .
406 3820 497 3895 linea
518 3824 666 3921 vigesima
688 3826 826 3903 secunda
847 3825 969 3922 paginae
990 3825 1138 3898 secunde
1153 3843 1220 3917 ‚et
1241 3845 1289 3894 se·
1325 3913 1328 3918 Ι

1065 3945 1092 4016 Β
