3742 5109
511 556 583 650 428
779 552 1167 625 itinisoss

568 694 744 804 Impress.
775 694 815 774 in
842 696 955 775 lolmo
982 691 1096 774 citode
1122 690 1167 771 de
1191 690 1368 773 venesia
1397 695 1468 777 alle

488 932 495 945 ι
568 859 693 939 spesse
719 826 759 906 di
783 821 873 909 Jolz.
898 808 942 905 de
969 824 1156 930 colonio,
1186 847 1275 907 etc.
1317 852 1463 935 1477,

569 991 593 1037 a
618 959 647 1038 li
673 958 801 1070 giomi
826 954 876 1039 X
894 956 935 1037 di
962 953 1187 1068 Septembre.
1222 955 1384 1040 In·fol.

499 1138 505 1155 ¹
609 1124 694 1197 Vide
713 1124 848 1198 Debure
866 1124 936 1200 ΝΟ.
957 1125 1064 1221 4348.

514 1328 568 1409 26
595 1322 760 1408 Postilla
787 1322 949 1407 Nicolai
976 1321 1027 1406 de
1055 1325 1160 1434 Lyra
1191 1352 1320 1436 super
1352 1355 1459 1441 qua-

570 1482 662 1540 tuor
689 1454 895 1571 evangelia
927 1484 1018 1540 curo
1052 1453 1337 1543 additionibus
1379 1459 1456 1545 do·

565 1594 664 1673 mini
689 1586 801 1673 Pauli
821 1592 1039 1703 Burgensis
1068 1590 1268 1699 Episcopi
1293 1616 1338 1674 et
1363 1622 1456 1677 cum

566 1719 891 1832 replicationibus
907 1721 1058 1804 Fratris
1078 1720 1234 1805 Mathei
1253 1721 1455 1843 Doringh

568 1852 722 1937 ordinis
748 1856 971 1938 Minorutn.
997 1850 1142 1938 In·fol.·

608 2048 643 2116 In
675 2048 737 2119 fine
760 2047 898 2144 legitur:
927 2050 1105 2140 impressum
1134 2027 1284 2121 Memno
1309 2080 1374 2144 per
1406 2082 1453 2124 me

559 2164 696 2235 Paulum
728 2168 884 2238 Iohannis
922 2169 957 2236 de
998 2167 1147 2263 Putpotlz
1185 2169 1452 2264 Maguntinensis

560 2284 716 2373 Dyocesis
737 2287 794 2353 tub
810 2287 905 2355 annis
926 2276 983 2353 dii
1004 2307 1095 2379 1477
1117 2285 1163 2353 die
1182 2308 1230 2374 24
1252 2292 1375 2359 niensis
1391 2292 1451 2363 Ju-

479 2388 494 2410 ”
560 2400 607 2469 lii.
624 2400 713 2470 Folia
734 2400 918 2496 signantur,
939 2420 971 2472 et
991 2402 1150 2473 character
1170 2403 1320 2497 gothicus
1339 2427 1401 2482 est.

513 2621 566 2699 27
586 2596 789 2683 Chronica
812 2626 1053 2684 summorum
1075 2598 1354 2709 Pontificum,
1372 2607 1449 2689 Im·

350 2780 358 2795 .
480 2758 482 2761 ¹
568 2755 795 2837 potatorum
815 2730 927 2815 aede
948 2758 1098 2841 septem
1121 2731 1304 2817 aetatibus
1329 2766 1449 2821 mun-

565 2858 638 2959 di,
659 2889 707 2942 ex
734 2846 882 2945 Sancto
906 2864 1143 2946 Hieronimo
1162 2862 1333 2976 aliisque
1357 2898 1448 2952 eru·
1519 2926 1530 2950 .

566 2987 659 3072 ditis
679 3017 885 3102 excerpta,
901 3021 1062 3079 auctore
1079 2997 1259 3109 Martin'o
1276 2998 1445 3084 Polono

567 3120 719 3207 ordinis
734 3122 1054 3212 Praedicatorum.
1067 3131 1196 3239 Iri-40.
1212 3158 1270 3215 m.
1289 3138 1445 3221 cirron.
1459 3199 1484 3254 1

457 3364 461 3372 ,
604 3295 641 3365 ln
658 3294 721 3367 fine
740 3296 874 3391 legitur:
900 3298 1028 3367 Croniea
1048 3299 1183 3369 Martini
1198 3299 1301 3387 finit:
1321 3269 1335 3295 ὓ

1065 3496 1071 3508 0

606 3489 738 3559 Taurini
745 3488 862 3578 formis
880 3492 960 3559 iane
972 3515 1126 3697 premia
1141 3518 1194 3563 ere
1209 3493 1380 3591 Iohannes

652 3627 747 3695 Fabri
765 3651 852 3716 quem
867 3629 959 3697 civem
975 3628 1075 3723 Lingo
1098 3655 1127 3698 es
1143 3633 1209 3698 alta
1225 3633 1310 3701 tulit.

305 3859 333 3879 ,ι
523 3904 531 3917 „
604 3795 809 3873 necet).
832 3799 1150 3901 Lxxv11.oi,23
1178 3760 1330 3899 Augusti.
1355 3809 1448 3887 vide
