3742 5109
569 589 617 670 82
725 548 1346 703 rrunrrunuuo1470,‘
1436 545 1437 548 Ὺ

665 749 840 842 Characrer
867 748 993 821 videtur
1020 746 1061 820 ad
1089 750 1227 822 Flachen
1255 753 1288 823 iu
1320 752 1499 850 Argentini

616 871 784 967 pertinere.
806 868 969 941 Columna
991 869 1093 963 prima
1116 895 1156 940 ex
1181 869 1226 966 38
1250 873 1367 961 lineis,
1394 893 1427 944 et
1450 874 1499 946 ul-

568 1050 571 1059 s
615 989 692 1061 tima
711 1014 752 1061 ex
782 1014 856 1085 19,
883 1013 1017 1085 quarum
1040 990 1149 1061 ultima
1176 992 1219 1063 sic
1245 992 1365 1064 habet:

662 1129 804 1220 Explicit
820 1128 966 1197 cosolatio
982 1101 1136 1219 pc'tomm.

661 1263 795 1361 Absque
817 1263 1005 1360 signaturis,
1028 1263 1168 1334 numeris
1191 1283 1223 1335 et
1245 1264 1440 1339 custodibus.
1462 1277 1464 1280 ’

661 1384 698 1454 ln
726 1380 818 1473 hujus
846 1380 991 1453 editionis
1022 1382 1192 1478 prologo,
1222 1385 1394 1479 appellatur
1422 1413 1496 1461 auc-
1558 1463 1560 1466 ,

614 1521 667 1575 tor
688 1500 789 1574 Jacob
803 1487 854 1572 ¹dev
866 1500 1073 1571 Ancharano.
1091 1499 1186 1571 Diun
1204 1501 1236 1570 in
1260 1501 1398 1573 editione
1421 1506 1495 1575 anni

618 1620 741 1713 1481,
768 1638 801 1690 et
823 1619 908 1715 apud
929 1617 1041 1715 Toppi
1070 1639 1102 1692 et
1128 1611 1331 1712 Nicodeffli,
1356 1620 1495 1697 lacobus

613 1740 655 1812 de
674 1740 841 1811 Theramo
863 1737 1034 1811 vocitatur.
1136 1805 1144 1812 ,Α

425 2028 442 2077 ί
568 1986 615 2069 13
649 1959 861 2053 Tractatus
888 1940 1079 2056 demissa
1104 1985 1173 2043 seu
1193 1959 1331 2043 officio
1351 1963 1494 2064 misse,

620 2090 749 2178 editus
769 2122 797 2175 a
821 2094 1024 2205 Magistro
1050 2088 1225 2176 Nicolao
1249 2091 1423 2177 Andreae
1443 2092 1495 2178 de

618 2231 778 2310 civitate
814 2223 1013 2308 Theatina
1050 2217 1233 2311 Doc'tore
1276 2223 1494 2313 venerabili

501 2437 503 2440 ,
617 2356 883 2445 decretorum.
910 2362 1043 2460 In-40.

551 2583 553 2589 ·
590 2585 593 2589 >
659 2547 734 2619 Sine
753 2548 940 2645 signaturis,
962 2547 1100 2623 numeris
1124 2565 1156 2619 et
1177 2534 1369 2619 custodibus.

659 2686 710 2756 Ex'
748 2687 930 2758 charactere
973 2710 1040 2781 quo
1074 2680 1265 2778 Canonicus·
1304 2683 1411 2755 Helias
1451 2686 1493 2759 de

609 2804 771 2892 Louffen‚
790 2800 832 2876 ab
849 2828 938 2875 anno
960 2825 1075 2896 1470,
1093 2802 1134 2873 ad
1150 2828 1270 2876 annum
1291 2826 1408 2897 1474,
1424 2823 1495 2876 ute·

608 2924 701 2995 batur
725 2924 870 2994 Beronae.
898 2922 1017 3019 Pagina
1039 2921 1141 3015 prima
1167 2947 1208 2992 ex
1241 2922 1286 2995 28
1311 2923 1429 3013 lineis,
1459 2941 1492 2994 et

512 3092 519 3107 .
609 3042 718 3113 ultima
748 3067 789 3113 ex
826 3064 907 3131 243
939 3041 1119 3112 charactere
1153 3040 1277 3136 capitali
1311 3042 1494 3113 terminatur

610 3161 679 3233 sic:
701 3163 761 3233 Sic.
783 3160 879 3232 Laus.
902 3160 988 3230 Deo.

657 3300 708 3371 Ex
732 3297 776 3371 28
790 3299 892 3406 foliis.
916 3297 976 3369 De
999 3297 1228 3371 auctorenihil
1249 3296 1369 3373 inveni.
1478 3337 1480 3340 ·

566 3543 617 3615 14
646 3516 782 3602 Sancti
804 3518 1008 3621 Antonini
1029 3514 1336 3615 confessionale.
1372 3514 1492 3633 (De-

307 3730 311 3739 ,
606 3645 830 3766 fecerunt.)
859 3655 989 3763 In·4⁰.
1020 3679 1075 3737 m.
1104 3682 1138 3737 r.

655 3838 859 3913 Terntinatur
882 3840 956 3916 sic:
986 3842 1108 3935 explicit
1138 3866 1236 3938 sermo
1268 3845 1362 3916 Beati
1393 3844 1489 3919 Iollas
