3742 5109
623 496 1076 596 ANN014772-
1165 513 1168 519 '
1214 513 1286 598 '413

452 633 610 711 Praeterea
645 637 757 710 contri
793 621 1008 708 Casatiatense
1047 637 1164 731 probat
1200 630 1290 709 editio

407 762 488 826 anni
516 781 631 850 1491,
656 757 688 824 in
709 781 771 852 qua
792 774 853 826 tres
874 755 953 826 solae
976 753 1161 852 eaedemque
1184 757 1291 829 insunt
1337 851 1345 864 ⁹

406 873 513 968 figurae
532 893 563 944 et
585 873 702 946 eodem
725 872 826 956 modo
851 870 1022 943 distributae
1046 899 1083 943 ac
1103 874 1137 943 in
1156 893 1289 965 nostro,

406 1009 541 1087 suntque
576 988 717 1084 ejusdcm
745 991 866 1063 circiter
896 991 1074 1063 altitudinis.
1110 992 1205 1087 igitur
1233 992 1291 1064 du·
1325 990 1339 1081 ,⁴

404 1108 466 1178 uae
494 1108 566 1180 finer
604 1093 791 1180 subodorari
824 1126 930 1204 potest
971 1108 1182 1181 Donucam
1210 1111 1290 1183 tutu

405 1223 601 1321 descripti0,
625 1225 688 1323 quai
708 1226 811 1322 potuit
831 1227 918 1298 bonfi
941 1225 1001 1296 fide
1024 1227 1056 1296 in
1079 1253 1220 1300 errorem
1241 1231 1290 1300 in-

405 1341 479 1414 duci
501 1334 595 1416 abbas
630 1345 662 1417 S.
688 1345 817 1441 Leger,
848 1345 925 1416 sicut
955 1341 1019 1430 iarn
1040 1345 1138 1416 ¹hunc
1170 1348 1291 1445 aliquot

287 1469 298 1478 '
407 1461 522 1532 abhinc
546 1462 634 1532 annis
659 1461 691 1530 in
714 1487 856 1534 errorem
879 1461 1043 1532 induxerat
1067 1462 1151 1533 idem
1172 1464 1208 1537 P.
1233 1467 1291 1536 Fa-

351 1623 353 1628 ·
405 1577 521 1667 bricci,
533 1581 706 1651 occasione
715 1545 787 1650 iibri
804 1578 878 1651 dicti
898 1584 984 1650 decor
990 1585 1174 1672 puellarum.
1190 1579 1292 1654 Satiris
1347 1603 1350 1608 ·

293 1759 295 1763 ,
406 1695 513 1767 fuisset
528 1697 619 1794 igitur
632 1698 794 1769 Fabriccio
812 1698 951 1795 equitare
969 1725 1042 1770 curn
1060 1699 1210 1795 antiquis,
1229 1698 1290 1796 (*)

405 1839 502 1909 quam
522 1814 554 1884 in
572 1816 664 1886 rebus
688 1815 942 1912 bibliograpbicis
963 1841 1117 1913 magnum
1136 1817 1224 1915 loqui
1244 1820 1292 1891 ni-

405 1932 491 2029 tique
515 1933 687 2004 cothurno.
1218 1922 1221 1930 Ι

454 2047 565 2118 Abbas
588 2047 672 2118 Rive
696 2047 800 2134 chasse
826 2075 892 2120 aux
916 2054 1134 2148 bibliographes
1157 2076 1185 2123 et
1205 2069 1303 2125 anti·

406 2167 526 2256 quirites
546 2163 727 2236 mal-avise's
742 2219 753 2256 ,
767 2161 866 2239 Tum.
900 2183 947 2238 1⁰.
970 2194 1049 2264 pag.
1080 2172 1146 2268 365
1184 2192 1217 2242 et
1245 2199 1292 2243 se·

406 2304 539 2372 quent,
568 2284 715 2354 abbatem
740 2284 773 2354 S.
799 2284 900 2380 Leget
928 2286 1028 2357 acribs
1052 2289 1292 2385 perstringens,

405 2400 507 2472 modd
532 2400 695 2472 contendit
717 2403 829 2498 figuras
852 2404 917 2474 illas
939 2407 1118 2499 praecesisse
1138 2409 1225 2478 annis
1248 2430 1293 2508 50

406 2519 576 2590 voluminis
606 2517 929 2616 pionrulgationem,
959 2542 992 2593 et
1021 2522 1117 2618 paulb
1139 2546 1213 2620 post
1238 2551 1292 2597 eas

409 2659 453 2710 10
479 2638 567 2708 annis
596 2638 670 2709 facit
694 2640 897 2733 posteriores.

450 2772 516 2844 Sed
541 2775 565 2856 si
587 2800 700 2846 verum
724 2777 807 2846 foret
836 2777 998 2871 primum,
1023 2801 1102 2874 ergo
1132 2776 1197 2867 jam
1222 2805 1291 2852 non
1376 2793 1379 2800 ’

290 2905 297 2917 ·
402 2871 510 2987 figurae
532 2911 661 2988 propter
684 2893 821 2982 librum,
843 2893 899 2963 sed
918 2893 998 2964 lib'er
1024 2916 1155 2990 propter
1180 2898 1291 2995 figuras

297 3004 343 3082 ’.ο
403 3008 513 3079 fuisset
535 3010 657 3097 factus,
681 3030 712 3080 et
738 3009 867 3106 quidem
892 2995 1062 3106 antequzim
1083 3013 1199 3084 Bettini
1222 3017 1291 3088 atti·

404 3126 510 3220 gisset.
520 3127 713 3220 trigesimum
740 3127 837 3197 aetatis
858 3153 989 3201 annum.

457 3261 573 3356 Neque
602 3260 696 3332 etiam
724 3261 897 3334 secundum
923 3263 1155 3358 potentioribus
1185 3267 1292 3342 nititur

407 3379 605 3468 rationibus,
628 3394 766 3474 quatuor
789 3379 872 3449 enirn
894 3380 1018 3451 annisa
1036 3383 1291 3480 promulgatione

406 3497 512 3592 operis
529 3495 715 3587 Bettiniani‚
733 3497 817 3594 typis
837 3499 1003 3569 Florentiae
1018 3495 1158 3588 ejusdem
1174 3501 1291 3600 Typo·

436 3756 495 3837 (⁸)
515 3755 626 3822 Auctor
641 3760 717 3822 enirn
734 3775 774 3820 est
792 3775 926 3824 tractatus
943 3761 976 3819 de
990 3761 1151 3842 equitatione
1166 3782 1311 3839 veterum..
1356 3770 1430 3855 ,ὃ
1456 3770 1555 3840 ,μ’
1632 3821 1642 3842 ,

1423 3844 1432 3862 ³
1543 3853 1607 3899 s

478 4086 512 4143 ἱ..
