3742 5109
542 601 619 684 ²44
811 569 1240 654 LIBRISUB'

590 719 660 796 Da·
678 741 722 793 est
741 718 967 793 consummavit
983 746 1041 812 per
1060 720 1256 792 venerabilem
1279 717 1358 793 virm
1381 720 1474 793 Hm:

500 915 508 930 ‚
563 844 687 913 ,ήαωι
708 841 880 938 Eggesteyn
900 844 1015 911 artium
1039 841 1209 914 liberalium
1230 843 1410 938 magistrum
1429 844 1472 912 ci·

493 938 501 952 ¹
589 984 657 1032 uem
677 961 778 1028 incd'u
803 961 935 1029 civitatib
959 960 1151 1055 Argenta„
1171 983 1258 1028 anno
1279 962 1397 1030 domini
1418 958 1472 1034 M.

589 1072 728 1151 CCCC.
750 1074 878 1149 Lxxt.

638 1194 806 1266 Volumini
830 1193 1026 1290 praemittitur
1044 1195 1166 1292 pictura
1182 1197 1323 1293 elegans.
1345 1194 1473 1269 Titulus

536 1397 541 1408 Ι
573 1312 688 1402 ¹rubro
714 1312 825 1383 colore
850 1313 1066 1408 imprimitur,
1091 1334 1124 1386 et
1147 1313 1256 1386 litterae
1284 1314 1471 1410 principales

590 1429 724 1526 depictae
744 1449 827 1504 runt.
1323 1413 1326 1418 ¹

637 1547 759 1621 Textus
781 1550 962 1636 charactere
985 1545 1122 1641 majori,
1144 1549 1371 1622 commentaria
1388 1547 1471 1622 verb

591 1666 708 1739 minori
730 1667 960 1763 imprimuntur.

637 1804 778 1876 Primum
795 1822 842 1876 est
856 1830 936 1899 opus
956 1804 996 1875 ab
1012 1804 1192 1901 Eggesteyn
1210 1829 1284 1875 cum
1302 1804 1375 1875 anni
1392 1803 1472 1876 nord

560 1923 776 2017 ,vulgatum,
798 1920 872 1994 licet
898 1921 996 2018 longe
1026 1922 1117 2018 plura
1145 1941 1218 1993 ante
1241 1946 1359 1993 annum
1383 1923 1471 1994 hunc

588 2064 609 2111 e
627 2042 720 2136 prelis
742 2041 804 2111 suis
822 2041 969 2113 emiserit.
995 2041 1033 2110 In
1054 2040 1283 2135 subscriptione
1306 2042 1470 2111 Clenrerrti-

587 2185 703 2230 narum
725 2163 806 2229 anni
823 2183 948 2254 Ι1471,
970 2158 1082 2255 legitur
1101 2158 1285 2256 Eggesteyn
1305 2156 1398 2248 hujus
1421 2184 1471 2229 ar-

589 2276 627 2348 tis
652 2278 870 2372 peritissimum
892 2277 1011 2349 fuisser
1033 2278 1111 2347 sicut
1131 2279 1295 2347 innumera
1321 2300 1391 2347 anre
1412 2278 1471 2346 hac

588 2397 688 2468 divini
713 2396 900 2488 humanique
915 2395 1002 2485 juris
1025 2397 1206 2487 peripsum
1238 2417 1386 2465 testantur
1412 2420 1471 2465 νο-

587 2517 720 2614 Ιιυνιὶιιεις
750 2514 815 2584 Vix
840 2509 931 2598 huius
955 2512 1088 2583 habetur
1105 2512 1239 2603 notitia,
1264 2512 1340 2582 licet
1360 2511 1401 2581 de
1427 2537 1471 2583 eo

588 2630 764 2702 Chevillier
790 2648 822 2700 et
844 2628 1010 2719 Debure,
1037 2626 1213 2700 Schoefflin
1235 2647 1268 2699 et
1287 2628 1471 2722 Weslinger

586 2746 687 2818 locuti
710 2745 824 2815 fuerint
838 2771 848 2816 r
865 2769 979 2816 eorum
996 2745 1082 2815 enim
1097 2746 1200 2817 nullus
1222 2744 1469 2838 descriptionem

566 2860 808 2957 suppeditavit.
831 2860 1003 2956 Stupendae
1025 2862 1119 2933 molis
1141 2879 1189 2932 est
1214 2863 1391 2934 volumen:
1412 2889 1471 2957 pa·

586 2981 668 3077 ginae
711 2976 795 3049 enim
840 2976 1033 3074 quandbque
1055 2978 1060 2988 ’
1079 2976 1127 3050 80
1166 2979 1263 3049 lineas
1307 2979 1473 3055 exhibent

554 3121 563 3182 ¹·
586 3093 798 3169 Schoefflinus
820 3093 867 3168 de
886 3120 928 3167 eo
951 3094 1126 3169 discurrens
1147 3094 1221 3169 dicit
1243 3098 1337 3169 fuisse
1358 3099 1470 3195 ligneis

586 3215 817 3289 characteribus
838 3212 1283 3317 impressumr.............
1307 3220 1387 3316 Pag.
1420 3216 1469 3306 48

585 3334 800 3406 Vindiciarum
833 3314 1163 3429 Typograplriearum,
1192 3334 1236 3405 sic
1266 3334 1335 3407 ait:
1374 3336 1484 3404 Ηεηι

584 3473 664 3543 ricus
702 3471 872 3566 Eggesteyn
905 3492 934 3540 et
970 3471 1091 3543 Jeorius
1122 3471 1253 3542 Husner
1287 3494 1316 3541 et
1349 3473 1470 3565 Cepia-

543 3627 547 3634 ·
583 3593 634 3658 lus
667 3587 797 3677 Wolfius
826 3588 919 3658 libros
952 3590 1057 3657 litteris
1088 3592 1214 3680 sculptis
1248 3590 1471 3662 continuarunt

584 3704 773 3796 imprium,
797 3729 885 3773 anno
925 3726 1020 3799 1474
1052 3701 1085 3775 τί
1117 3708 1222 3799 1476.
1257 3705 1466 3801 Quapropter

581 3820 616 3892 in
644 3844 718 3894 eunt
740 3819 878 3898 taediosis
900 3821 1165 3920 disquisitionibus
1187 3824 1351 3900 insurrexit
1370 3826 1471 3917 Four-‚
