3742 5109
541 625 569 715 {4
692 614 792 688 LIB.
825 615 896 687 ΑΒ
927 616 1175 695 ῐΝνΕΝΤ.
1205 616 1333 697 ΤΥΡ.·

593 773 688 829 tomo
704 771 750 830 1⁰.
763 781 835 852 pag.
850 780 920 851 229
927 811 939 846 ,
952 758 1007 829 ubi
1018 758 1129 855 legitur
1142 785 1240 831 unum
1252 782 1359 833 extare
1370 775 1484 832 ertem-v

592 876 662 972 plar
683 875 716 945 in
738 874 825 948 curid
846 875 1071 967 Harlemensi,
1091 899 1235 973 emptum
1250 905 1308 974 per
1328 904 1484 974 proceres

592 994 678 1067 urbis
688 994 729 1065 ab
738 994 913 1066 heredibus
925 995 1084 1067 Laurentii
1096 997 1231 1087 Coster,
1246 1018 1398 1094 tanquam
1412 996 1483 1087 ejus

588 1137 698 1209 opus:
718 1113 775 1185 sed
788 1112 916 1187 diverso
933 1113 1045 1186 ordine
1068 1115 1276 1211 disponuntur
1293 1117 1401 1213 figurae
1413 1169 1425 1208 ,
1437 1116 1484 1188 ita

591 1250 628 1305 ut
638 1230 777 1305 secunda
788 1234 826 1304 sit
840 1233 973 1322 ultima,
993 1252 1054 1307 etc.
1145 1267 1148 1274 ¹

641 1352 813 1449 Exemplar
833 1351 1008 1444 eximium,
1031 1352 1155 1425 ratione
1174 1351 1426 1427 conservationis
1448 1371 1484 1427 et

591 1468 743 1568 ligaturae.
848 1516 854 1526 ·
1211 1512 1214 1516 ·
1499 1460 1502 1470 ’

542 1656 575 1743 4
599 1628 812 1741 Speculum
836 1632 1014 1717 humanae
1043 1628 1276 1718 salvationis
1298 1663 1311 1729 3
1339 1623 1481 1715 indul.

559 1785 562 1791 ’
598 1792 691 1850 cum
711 1766 850 1880 figuris
872 1763 987 1883 ligno
1009 1769 1159 1851 incisis.
1179 1795 1233 1850 m.
1256 1792 1291 1848 r.

520 1970 523 1976 ·
640 1916 781 1990 Constat
799 1942 841 2015 33
865 1918 947 1991 foliis
965 1943 1103 2015 quorum
1123 1915 1398 2014 unumquodque,
1421 1942 1492 2005 ert-l

589 2055 686 2131 cepto
698 2035 810 2107 ultimo
823 2090 836 2125 ,
851 2054 989 2133 quatuor
1007 2061 1048 2108 ex
1058 2034 1122 2109 und
1133 2054 1222 2132 parte
1239 2053 1270 2106 et
1287 2052 1427 2131 quatuor
1439 2059 1482 2105 ex

589 2138 695 2227 altera*
713 2155 841 2226 exhibet
856 2154 996 2251 figuras,
1022 2180 1156 2251 quatum
1174 2152 1321 2252 quaelibet
1338 2152 1482 2248 explica·

587 2272 635 2345 tio
647 2271 841 2371 quandoque
856 2292 904 2344 est
919 2273 1031 2344 Latina
1047 2293 1080 2345 et
1090 2257 1286 2369 ‘quanddque
1303 2269 1482 2342 Germani·

589 2417 647 2482 ca,
658 2390 713 2463 sed
722 2392 949 2487 manuscripta:
962 2416 1022 2463 nec
1034 2390 1216 2487 signantur,
1233 2415 1292 2461 nec
1306 2413 1483 2460 numeran-

587 2526 639 2580 tur
661 2507 792 2605 figurae,
810 2510 890 2581 sicut
912 2510 1046 2604 contigit
1063 2509 1098 2577 in
1115 2508 1303 2579 editionibus
1320 2507 1362 2577 ab
1384 2506 1484 2605 Hey·

588 2625 698 2697 neken
710 2626 889 2717 recensitis,
906 2625 1044 2723 idedque
1053 2625 1278 2698 collectionem
1290 2626 1372 2696 hanc
1385 2626 1484 2722 igno·
1550 2704 1552 2711 ,

521 2732 523 2735 ’
588 2768 676 2817 rasse
698 2744 880 2816 verissimile
898 2762 955 2817 est.
974 2745 1095 2841 Figurae
1120 2744 1181 2815 illae
1197 2742 1318 2817 eaedem
1338 2730 1483 2816 ornninb

497 2865 521 2899 ⁹·
580 2861 663 2937 'sunt
671 2917 683 2954 ,
699 2858 868 2962 (rudiores
882 2882 989 2934 tamen
997 2861 1039 2960 ,·)
1059 2862 1242 2960 eodemque
1252 2860 1355 2934 modo
1369 2845 1484 2958 dispo·

590 3001 707 3054 nuntur
721 3004 760 3053 ac
775 2982 808 3051 in
820 2980 1008 3053 editionibus
1022 2980 1223 3077 Lugdunens.
1241 3006 1357 3054 annor.
1383 3003 1484 3077 1479

544 3131 546 3135 ’
589 3118 634 3171 et.
648 3097 766 3195 1483,
787 3102 822 3169 dc
838 3100 991 3196 l'lzumain
1015 3101 1168 3197 lignaige,
1190 3100 1298 3172 in·fol.
1535 3087 1537 3092 .

515 3311 517 3319 Ι
638 3217 674 3318 ln
696 3218 761 3290 hoc
787 3216 904 3289 eodem
918 3217 1095 3301 ‘volumine
1121 3217 1334 3314 compingitur
1362 3220 1511 3316 compi-A
1547 3222 1552 3232 ⁴

587 3338 664 3413 latio
683 3338 830 3407 librorum
847 3336 1052 3406 historialium
1066 3337 1160 3407 totius
1176 3337 1289 3407 Biblioe
1307 3336 1349 3403 ab
1364 3322 1482 3432 Adam

588 3458 736 3548 usquead
741 3457 866 3525 Senum
875 3480 934 3547 ptr
944 3456 1055 3524 mundi
1071 3476 1171 3525 aetaoes
1183 3453 1332 3545 disposita
1343 3447 1484 3543 astarte
1509 3520 1526 3556 Ι,

587 3570 909 3661 Iohannechtino,
922 3574 1040 3642 ordinis
1050 3572 1215 3641 Minorum
1223 3565 1482 3664 DiocesisAqui
1542 3643 1545 3650 ,

394 3683 398 3690 ’
495 3729 496 3732 ¹
575 3670 727 3777 reiensis,
748 3715 824 3761 cum
844 3690 1004 3786 permultis
1026 3688 1164 3785 picturis.
1182 3688 1306 3760 Auctor
1323 3689 1482 3783 plaemisit
1547 3779 1552 3794 ·

588 3806 754 3901 epistolam
774 3807 960 3880 dicatoriam
974 3805 1126 3878 Domino
1138 3803 1321 3879 Gertrando
1339 3805 1481 3878 Patriar-

588 3921 1020 4025 chaeAquileiensissncujus
1032 3924 1097 3999 fine
1108 3923 1182 4001 dicit
1192 3949 1226 3998 se
1237 3919 1480 3999 hanc'chartam
