3742 5109
489 593 1067 693 AD-ANNUM1470.·
1188 618 1237 693 47

366 765 419 823 ne
444 735 652 821 Francisci
685 732 736 819 de
760 731 1065 820 Picholominiis
1092 732 1237 821 Cardi-

365 867 465 955 nalis
491 869 551 954 Sti
575 867 797 955 Eustachii.
827 871 962 981 In·4⁰.

404 1039 605 1113 Praemittitur
622 1038 807 1141 traquetoris
824 1040 960 1136 epistola
980 1039 1021 1111 ad
1044 1037 1237 1112 Maximilia-

357 1187 437 1234 num
451 1160 653 1256 Imperatoris
668 1157 815 1231 Friderici
826 1158 907 1229 tertii
923 1158 1043 1249 filium,
1056 1185 1127 1256 quae
1142 1185 1240 1231 occu-

358 1299 413 1377 pat
427 1278 566 1375 primuni
582 1278 721 1368 folium,
739 1296 771 1349 et
790 1276 822 1347 in
839 1273 927 1368 cujus
945 1277 1007 1347 fine
1027 1278 1157 1373 legitur:
1174 1282 1241 1350 vale

313 1382 329 1393 ⁰
359 1426 400 1469 ex
418 1400 510 1487 urbe,
533 1398 616 1469 Kal.
633 1398 711 1469 Ian.
730 1394 781 1468 M.
794 1414 891 1465 cccc
908 1400 1097 1493 sexagesimo
1116 1422 1213 1469 nono,

407 1516 500 1586 Folio
528 1512 672 1611 sequenti
700 1514 838 1611 sequitur
867 1510 1010 1599 eiusdem
1039 1514 1173 1609 epistola
1201 1512 1242 1585 ad

358 1633 534 1706 Nicolaum
565 1633 710 1729 quintum
739 1628 827 1721 cujus
861 1628 945 1721 jussu
982 1629 1056 1703 dicit
1094 1657 1129 1702 se
1161 1658 1243 1726 opus

358 1776 499 1849 praesens
527 1751 741 1840 transtulisse,
764 1767 796 1820 et
817 1749 909 1820 tertio
937 1775 1011 1820 cuin
1035 1749 1115 1821 folio
1137 1749 1245 1844 incipit
1312 1748 1315 1752 ’

359 1868 483 1941 Dionis
510 1894 591 1963 opus
621 1894 695 1940 cunt
722 1864 806 1937 linesi
832 1864 1011 1940 undecimi.
1041 1866 1245 1939 Tenninatur

357 1985 442 2057 solio
465 1971 562 2077 verso
580 1986 646 2058 sic:
659 1988 762 2077 finiu-
777 1984 897 2081 Pagina
918 1986 988 2058 haec
1016 1986 1113 2057 habet
1139 2010 1179 2082 23
1204 1986 1245 2055 li-

327 2107 329 2110 ’
357 2130 438 2176 neas
469 2124 503 2175 et
525 2130 606 2200 opus
635 2108 682 2200 69
712 2105 801 2176 folia.
920 2115 957 2196 ἢ

409 2224 461 2293 Ex
478 2222 660 2296 charactere
680 2223 834 2320 quadrato
855 2222 1112 2319 elegantissimo,
1128 2221 1246 2318 absque

357 2340 540 2439 signaturis
629 2382 632 2388 ·
901 2358 904 2362 '

351 2490 362 2542 ,ζ
411 2460 496 2530 Haec
520 2477 568 2529 est
596 2459 692 2541 editio
714 2486 811 2557 quam
839 2457 1085 2555 antiquissimam
1113 2456 1249 2554 appellat

359 2578 549 2668 Mainake,
565 2576 666 2649 Tom.
683 2591 726 2650 1⁰.
741 2603 813 2674 pag.
829 2576 873 2648 28
878 2602 894 2672 3
909 2603 1030 2674 ;quam
1041 2602 1075 2648 se
1086 2601 1249 2673 nunquam

359 2695 637 2790 videte-potuisse
657 2698 700 2767 ait
724 2694 860 2785 Debure
881 2695 941 2768 ΝΟ.
968 2717 1074 2795 2354.

413 2812 508 2885 Num
530 2812 626 2884 editio
644 2815 714 2885 haec
737 2812 887 2885 Romana
911 2813 950 2884 sit
976 2833 1029 2885 aut
1052 2814 1157 2909 potiits
1179 2815 1251 2888 Ve-

359 2950 465 3023 neta,
483 2932 612 3004 Nicolai
628 2930 748 3004 Jenson
770 2922 825 3003 abs
841 2958 895 3003 me
911 2932 950 3003 sit
969 2928 1130 3021 judicium.

307 3132 371 3233 46
404 3125 555 3212 AEneae
579 3126 703 3240 Sylvii
729 3128 869 3239 postea
890 3128 952 3210 Pii
982 3128 1098 3240 Papae
1128 3154 1174 3211 η.
1202 3121 1254 3210 de

369 3266 548 3345 miseriis
593 3259 799 3347 curialium
839 3260 889 3345 ad
934 3262 1160 3350 Johannem
1205 3257 1255 3342 de

367 3393 487 3479 Aich
511 3393 760 3503 opusculum.
790 3398 919 3507 In·4⁰.
942 3401 999 3476 m.'
1022 3422 1062 3477 v.

411 3580 572 3655 Praefatio
600 3583 640 3654 ad
661 3583 735 3657 Joh.
756 3584 797 3657 de
820 3585 905 3655 Aich
933 3582 1045 3654 desinit
1073 3608 1147 3656 cum
1175 3581 1259 3654 linei

360 3706 414 3778 16
426 3700 564 3797 paginae
580 3702 724 3774 secuudae
737 3757 749 3794 ‚
762 3723 795 3774 et
814 3729 895 3798 opus
911 3703 1019 3798 incipit
1035 3704 1153 3802 absque
1165 3705 1260 3774 inter-

349 3808 527 3920 ruptione
548 3818 635 3893 lineae
657 3822 704 3894 his
720 3823 823 3895 verbis
842 3850 850 3893 ε
866 3826 986 3918 genitor
1001 3849 1085 3894 meus
1107 3825 1234 3900 Silvius.
