3742 5109
491 574 565 657 [424
758 543 1144 621 trssnrsuu

541 697 589 763 vit
611 713 693 785 opus
718 688 841 759 Iacobo
859 685 898 755 de
922 683 1106 779 Borgianis3
1129 678 1222 750 unde
1254 679 1293 754 S.
1318 678 1453 777 Legerg

541 812 651 881 lettres
671 833 714 875 au
732 808 840 875 Baton
863 807 899 872 de
920 803 1002 871 Hess
1030 799 1145 892 1783,
1163 824 1241 893 pag
1263 822 1345 893 195
1364 824 1452 869 erra·

479 943 487 958 ·
542 929 589 997 vit
605 928 668 996 hoc
687 923 800 995 Joanni
816 920 857 991 de
876 919 1038 1013 Borgianis
1063 914 1266 987 adscribens.
1294 916 1397 988 Licet
1416 918 1452 987 ti-

543 1047 624 1118 tulus
644 1044 770 1113 Latinus
792 1042 854 1129 sit,
874 1038 1015 1109 scribitur
1037 1059 1116 1129 opus
1133 1032 1251 1130 lingua
1272 1034 1427 1107 Italiand.

503 1268 552 1349 16
580 1255 769 1345 Cordiale
794 1281 966 1371 quatuor
993 1255 1339 1336 novissimorum.
1379 1255 1450 1336 Co·

552 1393 651 1477 lorrie
673 1390 886 1504 Agrippine
920 1389 1136 1501 impressum
1158 1415 1236 1495 per
1265 1416 1332 1467 me
1363 1384 1448 1467 Pe·
1548 1489 1555 1495 Π

552 1556 646 1609 trum
673 1524 716 1605 de
749 1520 848 1634 Olpe
863 1519 1019 1633 finitum
1046 1546 1083 1598 er
1109 1518 1346 1628 completum
1378 1518 1448 1600 sub

553 1691 652 1741 anno
679 1691 702 1737 e
728 1654 877 1736 nativit.
904 1650 970 1731 uiri
998 1650 1196 1730 millesimo
1228 1650 1445 1765 quadring.

552 1818 725 1903 septuag.·
740 1786 909 1897 septimo.
928 1783 1011 1892 ipso
1027 1780 1086 1861 die
1100 1782 1185 1861 lune
1206 1810 1327 1863 sexta
1343 1814 1446 1865 men·

552 1923 607 2001 sis
640 1914 813 2002 Octobris
827 1914 925 2027 finit
938 1909 1113 2026 feliciter.
1140 1910 1297 1997 In·foi.
1331 1945 1389 1999 m.
1408 1944 1442 1998 r.

592 2107 703 2201 [ncipit
724 2107 877 2175 volumen
894 2084 941 2172 itis
962 2094 1087 2172 verbis:
1105 2127 1278 2173 memorare
1301 2108 1443 2177 novissi·
1530 2110 1532 2117 ’
1576 2099 1578 2106 ’

545 2254 608 2321 ma.
625 2226 722 2296 Caret
738 2223 921 2321 signaturis;
940 2222 1076 2292 numeris
1093 2238 1124 2290 et
1141 2220 1345 2294 custodibus.
1366 2226 1441 2298 No-

542 2364 614 2415 runt
635 2342 843 2436 bibliographi
864 2340 1020 2410 raritatem
1045 2338 1197 2407 librorum
1214 2364 1235 2407 a
1261 2339 1368 2412 Petro
1399 2346 1441 2415 de

545 2461 634 2556 Olpe
673 2460 905 2555 impressorum.
945 2456 1028 2546 Quis
1059 2453 1150 2526 fuerit
1184 2475 1304 2528 auctor
1335 2460 1438 2551 libri,

461 2556 465 2565 ⁵
543 2582 670 2675 ignoro.
704 2577 883 2679 Dyouisius
920 2574 1144 2647 carthusianus
1178 2573 1299 2647 librum
1337 2576 1438 2652 edidit

544 2695 636 2785 hujus
651 2695 835 2791 argumenti.

500 2920 551 3003 17
577 2889 611 2972 ll
632 2892 775 2975 Dante.
801 2890 997 3001 Stamputo
1015 2892 1055 2970 in
1078 2889 1230 3001 Nepoli
1244 2832 1318 2974 'adr'
1339 2892 1441 2979 XII
1514 2921 1533 3002 ἰ

552 3023 592 3104 di
606 3024 742 3134 Aprile
767 3049 886 3132 1477.
913 3019 1017 3103 Laus
1036 3019 1118 3102 deo.
1138 3020 1279 3106 In·fol.
1300 3024 1432 3111 ve'lin‘.
1497 3091 1523 3165 „²
1542 3057 1549 3075 ’

1465 3185 1487 3242 ί

591 3212 676 3284 Vide
692 3216 827 3309 catalog.
844 3215 873 3284 la
889 3214 1054 3303 Valliere,
1072 3214 1133 3286 N0.
1151 3216 1247 3310 3560
1257 3268 1268 3300 ,
1284 3216 1342 3293 uhi
1360 3216 1432 3289 duo

542 3332 649 3427 priora
667 3332 741 3403 folia
761 3332 866 3427 pennd
881 3336 1022 3427 suppleta
1039 3333 1183 3405 fuerant:
1200 3332 1255 3401 sed
1277 3353 1432 3405 nostrum

542 3450 692 3520 eximium
709 3470 755 3519 est
777 3451 880 3520 nitore
902 3476 939 3520 ac
957 3452 1222 3534 conservatione,
1247 3449 1289 3519 ita
1309 3472 1347 3521 ut
1365 3480 1432 3547 pro

444 3555 446 3558 ⁵
542 3568 725 3660 elegantiori
756 3566 893 3636 editione
923 3566 1036 3637 decimi
1070 3568 1169 3665 quinti
1194 3567 1303 3638 saeculi
1333 3569 1431 3664 hujus

542 3666 646 3778 poetae
668 3686 763 3777 possit
784 3684 945 3755 vindicari.
1486 3682 1488 3689 ¹

297 3874 339 3909 ss
408 3867 434 3896 Ι,
590 3797 686 3871 Caret
707 3827 793 3878 num.
819 3825 850 3875 et
870 3802 1017 3895 custod,
1042 3802 1097 3875 sed
1119 3804 1214 3876 habet
1232 3802 1430 3899 signaturas.
