3742 5109
596 564 688 640 nn
737 567 1011 646 novom
1066 573 1173 664 1460:
1318 595 1344 668 9

446 730 533 781 esse
546 730 587 778 ex
599 706 660 777 und
668 704 844 804 ealdemque
962 710 1021 781 nisi
1039 710 1071 785 in
1095 737 1164 783 uno
1187 727 1242 784 aut
1264 708 1346 781 duo·

447 828 616 905 editione.
963 831 1021 901 bus
1036 832 1293 927 quaternionibus
1304 829 1346 903 de

964 982 1056 1027 novo
1081 957 1262 1051 impressis,
1291 955 1345 1027 vel

964 1079 1079 1151 fraudis
1089 1080 1346 1168 intentione‚aut
1399 1059 1402 1064 .

963 1211 1025 1296 pro
1051 1197 1228 1295 supplendo
1248 1198 1346 1268 folio-

964 1350 1035 1396 rum
1053 1324 1179 1396 defectu
1204 1324 1237 1393 in
1256 1321 1343 1395 dicto

965 1444 1148 1540 exemplari.

450 1604 559 1679 Circa
586 1622 752 1703 utrumque
773 1601 935 1700 exemplar
960 1603 1060 1676 multa
1085 1599 1249 1676 observari
1268 1625 1344 1700 pos·

395 1744 497 1812 sent,
522 1725 608 1795 inter
623 1750 717 1821 quae:

455 1861 510 1914 1⁰.
533 1842 684 1937 Exceptis
702 1841 815 1914 decem
829 1842 986 1939 ppioribus
1004 1842 1086 1914 foliis
1103 1869 1140 1921 ac
1157 1839 1292 1930 ultimis,
1309 1840 1344 1909 in

396 1978 549 2057 utroque
565 1961 692 2056 signum'
709 1960 854 2033 chartarii
877 1964 929 2033 vel
956 1982 1003 2035 est
1018 1980 1113 2057 caput
1130 1962 1344 2047 Bubullnum,

397 2098 459 2151 aut
476 2080 583 2166 Uva·,
601 2079 673 2176 quia
695 2099 801 2152 autem
821 2082 909 2152 iniis
929 2083 1036 2153 minor
1056 2100 1103 2152 est
1128 2081 1245 2151 chartae
1263 2103 1344 2150 cras·

400 2198 491 2276 sities
497 2225 510 2285 ,·
525 2196 603 2267 inde
622 2197 770 2274 concludi
784 2219 892 2293 posset
912 2199 1029 2271 fraudis
1045 2199 1182 2296 suspicio
1199 2224 1239 2267 ex
1255 2214 1345 2291 parte

327 2335 341 2356 ⁸
399 2314 630 2412 typographi,
650 2315 702 2387 cui
726 2318 752 2386 si
781 2316 911 2389 addatur
939 2316 1074 2392 variatio
1097 2317 1131 2385 in
1155 2312 1345 2385 adornandis

399 2434 493 2505 libris
516 2434 599 2504 novi
621 2435 824 2523 testamenti,
850 2456 927 2507 tunc
950 2453 1072 2507 crescet
1095 2432 1175 2504 illius
1195 2429 1345 2527 probabi,-

399 2551 488 2631 litas.
512 2550 612 2623 Unde
638 2565 744 2625 autem
767 2552 921 2648 procedat
953 2552 1086 2625 variatio
1121 2577 1159 2623 ac
1184 2548 1344 2622 diversitas

400 2668 599 2767 quibusdam
636 2670 759 2742 tantitm
790 2673 823 2741 in
853 2672 958 2742 verbis
988 2689 1042 2742 aut
1067 2670 1157 2741 lineis
1190 2692 1345 2766 quorum·

397 2790 483 2868 dam
505 2790 733 2885 exemplarium
752 2791 843 2863 unius
865 2809 898 2862 et
920 2787 1061 2879 ejusdem
1080 2788 1225 2860 editionis
1247 2787 1346 2858 ratio-

398 2933 463 2988 nes
500 2894 869 3008 deducit·Heyneken‚
897 2907 960 2981 idc'e
981 2910 1073 2979 d’une
1097 2911 1250 2979 collection
1268 2906 1347 2975 d'cs-

396 3019 549 3100 temper,
568 3034 641 3103 pag.
668 3034 750 3105 272.

455 3146 515 3199 2⁰.
533 3128 702 3199 Variantes
719 3128 813 3224 supra
829 3128 959 3218 relata,
977 3155 1047 3201 non
1067 3127 1126 3199 nisi
1142 3127 1174 3197 in
1190 3120 1345 3222 principio

393 3264 432 3319 et
456 3244 494 3316 in
510 3241 634 3317 'chartis
654 3246 796 3343 levigatis
817 3269 1002 3322 occurrunt.

452 3388 492 3460 3.
515 3362 616 3458 Supra
633 3384 853 3461 tegumentum
870 3368 924 3440 N'.
947 3370 981 3440 6.
1003 3366 1044 3437 ad
1055 3366 1192 3437 formam
1212 3363 1347 3453 charac-

295 3577 298 3584 .
385 3483 478 3559 teris
498 3480 592 3571 libri,
613 3483 775 3578 scripserat
801 3510 914 3557 coaeva
939 3475 1074 3575 mamis,
1096 3484 1259 3553 Erlardus
1280 3483 1346 3551 Ne-
1383 3463 1385 3468 ι

382 3608 523 3698 ninger
552 3604 691 3696 magister
714 3585 826 3674 civium
860 3608 895 3674 in
925 3606 1150 3699 Heydsprum,
1183 3604 1237 3695 qui
1265 3602 1348 3671 dedit

376 3722 486 3798 idad
494 3717 654 3807 fratribus
677 3725 799 3792 Sancto
821 3724 936 3796 Μανία
960 3728 996 3796 dc
1020 3746 1121 3801 monte
1143 3721 1275 3797 Carmeli
1303 3721 1349 3789 ad

371 3842 529 3926 urticas
538 3889 550 3928 ,
555 3840 647 3931 prop&
663 3844 774 3914 dictam
791 3844 952 3920 civitatem.
1392 3863 1394 3871 ·
