3742 5109
612 564 746 685 274'
877 580 1087 655 miri
1137 577 1270 652 svs

660 743 753 839 pictae
768 759 850 812 sunt.
872 739 977 811 Editio
995 736 1152 835 originalis
1169 756 1202 807 et
1216 737 1278 808 huc
1296 757 1396 831 usque
1411 732 1548 831 ignora3

540 901 553 919 ·
660 880 747 934 caret
762 860 895 956 signat„
915 883 1005 930 num.
1022 877 1056 928 et
1072 855 1253 946 custodiiws
1272 873 1303 927 et
1319 854 1482 927 character
1499 873 1550 925 est

660 978 819 1075 gothicus.

615 1201 662 1286 23
695 1178 936 1280 Questiones
963 1174 1134 1263 ioannis
1167 1172 1280 1257 Scoti
1317 1198 1434 1281 super
1464 1175 1547 1281 pri·

667 1336 735 1392 mo
764 1310 1047 1391 sententiarum
1079 1332 1129 1391 ex
1156 1302 1334 1388 editione
1364 1302 1545 1385 Antonii

550 1462 556 1475 ·
668 1438 949 1544 Trombettae,
980 1436 1090 1549 jussu
1114 1436 1211 1524 veri>
1249 1460 1289 1518 et
1320 1434 1544 1544 sumptibus

667 1571 965 1682 christophori
982 1566 1197 1680 Bellapiera
1223 1570 1391 1657 Veneti.
1424 1566 1546 1650 Anno

665 1701 764 1789 *Iesu
782 1701 931 1787 Christi.
955 1703 1018 1786 Μ.
1046 1701 1211 1787 CCCC.
1236 1699 1413 1784 LXXII.
1439 1699 1547 1782 XIII

649 1811 762 1920 'Kar
784 1834 1030 1920 Decembris.
1057 1830 1203 1919 In-fol.
1227 1863 1281 1918 m.
1308 1861 1341 1919 r.

712 2023 797 2097 Vide
818 2024 849 2095 la
869 2023 1035 2118 Valiiire‚
1058 2021 1122 2096 N0.
1149 2022 1230 2120 546.
1351 2034 1356 2044 “

617 2269 678 2368 24·
702 2238 862 2325 Alberti
902 2206 953 2327 de
994 2240 1084 2352 Eyb
1120 2181 1337 2355 maigareta
1372 2243 1547 2351 poetica.

671 2371 810 2461 In·fol.
838 2374 964 2460 Tomi
988 2370 1082 2460 duo.
1115 2401 1171 2457 m.
1202 2402 1240 2459 v.

608 2622 612 2627 ·
712 2587 749 2656 In
775 2586 838 2657 fine
863 2576 1007 2682 legitur:
1040 2612 1127 2657 anno
1159 2612 1181 2655 a
1213 2586 1372 2657 nativitate
1408 2585 1546 2654 Domini

666 2704 833 2773 Millesimo
865 2706 1108 2799 quadringenties.
1138 2705 1356 2799 septuagesimo
1388 2703 1547 2791 secundo,

665 2821 713 2889 die
733 2845 802 2890 vero
823 2824 955 2891 secunda
977 2821 1098 2892 Mensis
1117 2821 1295 2894 Decembris
1305 2822 1404 2912 finita
1425 2820 1550 2892 estnec

515 3018 519 3026 ,
598 2955 599 2958 ’
668 2962 791 3010 summa
818 2935 939 3008 Alieni
962 2941 998 3009 de
1027 2939 1100 3031 Eyb
1130 2941 1283 3031 utriusque
1303 2940 1390 3029 juris
1421 2939 1551 3007 doctoris

668 3055 796 3145 eximii,
815 3080 884 3150 quae
906 3059 1074 3154 margarita
1090 3060 1211 3150 poetica
1234 3060 1343 3127 dicimr
1355 3083 1425 3150 per.
1438 3059 1550 3127 indus-
1593 3122 1601 3140 x

667 3160 795 3244 criosutn
826 3174 1021 3267 impressoria
1051 3177 1127 3246 artis
1161 3178 1340 3273 magistrum
1370 3174 1549 3250 Iohannem

657 3290 905 3364 'Sensenscizmid
919 3295 1011 3391 civem
1034 3295 1312 3392 Nurmbergensem.
1363 3292 1370 3308 '

742 3467 847 3539 Editio
875 3469 1033 3565 originalis
1054 3488 1087 3541 et
1110 3467 1283 3542 admodim
1306 3494 1387 3541 rara.
1419 3466 1550 3563 Paginae

669 3608 739 3654 non
761 3584 942 3657 dividuntur
967 3588 1001 3657 in
1023 3588 1198 3683 columnas.
1234 3587 1332 3658 Caret
1355 3586 1549 3682 signaturis,

669 3723 759 3771 num.
777 3697 818 3773 'et
835 3702 1019 3775 custodibus
1035 3728 1046 3788 3
1074 3704 1270 3799 praenrittirur
1285 3703 1379 3775 index
1404 3702 1553 3775 materia·

573 3896 581 3917 -,
669 3840 743 3890 rum
764 3842 805 3892 ex
832 3840 873 3917 25
897 3820 990 3897 foliis.
1007 3819 1094 3901 Idem
1113 3837 1162 3897 est
1184 3822 1399 3908 characteris
1423 3822 1550 3897 Gerso·
