3742 5109
529 588 604 693 318
801 586 1188 660 11111suu

645 758 707 858 7⁰.
755 742 819 830 De
860 749 1114 831 institutione
1153 744 1242 829 festi
1278 749 1479 856 corporis

534 931 542 944 ·
587 878 753 963 Christi.

531 1113 538 1136 „
609 1070 763 1172 „Absque
791 1067 870 1140 notri
894 1069 958 1141 loci
985 1089 1017 1139 et
1038 1066 1262 1165 Typographi.
1287 1067 1476 1150 Character
1515 1152 1517 1155 ¹

581 1188 704 1261 accedit
722 1187 762 1258 ad
782 1212 856 1258 eum
872 1212 939 1283 quo
957 1186 1093 1257 Ginther
1111 1184 1226 1257 Zainer
1248 1212 1322 1258 usus
1341 1208 1392 1259 est
1409 1215 1475 1284 pro

581 1311 700 1400 speculo
721 1309 788 1378 vitu
804 1308 949 1377 humanu
966 1309 1045 1402 unni
1066 1329 1181 1401 1471}
1202 1303 1258 1375 sed
1278 1325 1389 1377 tamen
1412 1310 1475 1379 hu·

581 1423 631 1516 jus
649 1450 717 1495 non
738 1443 785 1495 est
801 1403 1025 1520 Typographi.
1050 1409 1149 1493 Caret
1168 1423 1278 1517 signat.
1300 1442 1333 1493 et
1355 1444 1476 1495 custo·

580 1542 696 1632 dibus,
717 1541 774 1613 sed
794 1541 870 1612 folia
890 1560 1094 1626 numerantur
1116 1540 1264 1612 Romani
1285 1540 1473 1629 method03

579 1660 615 1731 in
632 1680 721 1755 parte
738 1659 891 1756 superiori
908 1658 1018 1754 primae
1035 1659 1153 1755 partis,
1173 1658 1297 1730 numeri
1317 1659 1361 1729 illi
1380 1660 1473 1731 vices

517 1771 519 1777 ¹
562 1858 565 1864 ⁵
581 1799 698 1875 gerunt
717 1778 943 1873 signaturarum
961 1831 973 1866 ,
991 1778 1033 1848 ita
1053 1778 1248 1874 ut‘quinque
1269 1776 1475 1874 quinternio·
1565 1823 1568 1831 ·

520 1915 523 1922 ·
581 1897 631 1966 nis
671 1897 778 1991 priora
810 1914 1015 1967 numerentur
1047 1893 1158 1984 folia',
1193 1921 1260 1966 non
1297 1884 1472 1967 numeratis

582 2014 724 2112 quinque
740 2014 964 2111 sequentibus,
987 2033 1019 2085 et
1041 2013 1121 2085 folio
1144 2014 1252 2109 primo·
1267 2015 1476 2111 quinternio·

467 2215 472 2222 ‚
517 2164 520 2172 ’
580 2131 632 2204 nis
654 2134 811 2227 sequentis
839 2131 1056 2228 progrediatur
1083 2158 1258 2205 numerus:
1283 2160 1315 2205 v.
1338 2160 1369 2229 g.
1392 2137 1476 2227 Vl,

520 2299 525 2308 -
581 2250 684 2323 etsie
712 2251 901 2323 successive.
929 2250 993 2321 Sed
1019 2251 1082 2321 hoc
1107 2253 1261 2347 contingit
1284 2253 1409 2323 tantum
1438 2255 1474 2324 in

583 2353 708 2465 primii,
725 2393 794 2439 non
811 2366 890 2439 vero
905 2369 939 2439 in
950 2394 1006 2440 sex
1022 2369 1158 2463 partibus
1170 2371 1394 2466 sequentibus:
1415 2374 1476 2467 pri·

584 2512 639 2559 ma
659 2512 731 2583 pars
754 2506 878 2559 constat
903 2512 966 2583 113
995 2488 1101 2577 foliis3
1121 2508 1243 2561 caeterae
1265 2488 1346 2561 vero
1366 2512 1476 2585 partes

581 2631 627 2690 ¹ert
648 2609 719 2696 46,
741 2606 784 2699 ita
800 2625 834 2677 ut
850 2606 1003 2677 Carolina
1023 2607 1148 2703 incipiat
1171 2608 1250 2677 folio
1276 2632 1357 2698 114.

562 2781 565 2788 ·
633 2743 757 2813 Folium
777 2743 911 2835 primurn
927 2744 971 2814 sic
994 2744 1111 2817 habet:
1137 2752 1241 2843 regulo
1258 2749 1476 2821 ordinationes

584 2882 615 2931 et
642 2860 868 2930 eonstitutiones
905 2862 1101 2937 Cancellariae
1131 2867 1318 2935 sanctissimi
1349 2870 1492 2938 domini'
1555 2913 1562 2931 .

519 2963 523 2970 ’
582 2978 683 3048 nostri
708 2978 825 3044 domini
848 2977 943 3046 Pauli
968 2981 1076 3051 divina
1094 2986 1289 3073 providentia
1311 2984 1399 3075 Pape
1422 3014 1477 3071 se-

520 3090 526 3100 ’
582 3096 676 3165 cundi
698 3096 803 3186 scripte
823 3117 850 3164 et
870 3102 991 3167 correcte
1012 3102 1046 3167 in
1072 3100 1262 3169 Cancellatia
1289 3106 1476 3193 apostolica.
1555 3101 1561 3109 ”

582 3210 673 3283 Pauli
705 3212 736 3281 ll
765 3214 879 3309 regulae
907 3216 1112 3290 terminantur
1141 3219 1220 3288 folio
1252 3244 1328 3313 93,
1357 3238 1391 3290 et
1417 3248 1476 3293 se·

521 3357 531 3368 ··
582 3330 692 3426 quenti
718 3330 797 3401 folio
824 3333 976 3428 incipiunt
999 3336 1059 3406 illae'
1088 3335 1164 3406 Sixti
1186 3336 1268 3424 IV,
1297 3362 1369 3432 quae
1393 3363 1475 3411 cum

582 3446 664 3519 folio
695 3472 756 3543 113
786 3452 989 3521 terminantur
1011 3454 1078 3525 sie:
1102 3458 1170 3523 lecte
1191 3476 1220 3521 et
1235 3436 1388 3544 publicote
1395 3456 1475 3545 fue-

581 3568 701 3635 motin
714 3573 895 3638 cancettzria
911 3575 1079 3661 apostolica
1092 3575 1139 3641 die
1156 3572 1273 3642 Martis
1292 3596 1337 3667 27
1354 3578 1474 3646 mensis

581 3684 720 3777 Augusti
743 3711 829 3754 anno
851 3688 933 3759 dom.
962 3711 1063 3783 1471.

360 3833 415 3870 ·‘
515 3931 523 3948 ι
630 3836 672 3907 Et
686 3836 767 3925 initi
783 3840 913 3935 legitur:
934 3846 1065 3935 explicit.
1082 3843 1133 3921 M.
1150 3842 1285 3923 CCCC.
1303 3844 1469 3951 LXXVi.
