3742 5109
530 616 581 693 94
700 585 947 667 muman
972 587 1142 670 ANNO
1172 614 1287 695 1470,

586 735 653 820 Dc
680 733 1003 842 consideratione
1028 734 1215 844 libriV,v
1247 736 1298 823 ad
1327 732 1459 853 Euge*

652 872 763 952 nium
786 859 950 979 Papam.
1006 946 1009 951 .

585 1000 641 1091 Et
667 996 755 1112 ejus
779 1000 1098 1093 meditationes¹

649 1132 798 1219 Infoi:
819 1163 871 1217 rn.
900 1160 934 1221 r.

627 1348 732 1444 Operi
753 1344 868 1443 ptaeest
892 1341 1005 1418 folium
1032 1342 1184 1421 exhibens
1206 1340 1291 1424 hunc
1313 1341 1461 1427 indicem.

577 1468 712 1562 Quaevis
728 1466 880 1539 columna
900 1485 947 1536 est
966 1489 1015 1555 40
1037 1466 1201 1542 linearum.
1221 1463 1262 1540 Et
1279 1472 1462 1541 terminatur

578 1614 654 1663 cum
685 1581 842 1657 columne
864 1578 1003 1655 secundi
1034 1578 1101 1655 folii
1132 1588 1238 1676 recti,
1260 1588 1308 1657 his
1333 1591 1460 1660 verbist

577 1707 744 1799 expliciunt
775 1704 983 1773 nuditationrs
1014 1702 1106 1773 Beati
1138 1699 1292 1803 Beruurdi
1326 1710 1460 1778 Abbatis

578 1824 727 1896 Doctoris
752 1817 900 1921 melliflui.

623 1960 757 2057 Absque
772 1959 954 2055 signaturis,
973 1950 1178 2050 custodibus,
1195 1978 1228 2032 et
1241 1962 1378 2032 numeris
1395 1980 1458 2034 etc.

622 2081 664 2153 Et
686 2082 848 2172 character
867 2076 993 2150 videtur
1016 2104 1083 2151 esse
1106 2079 1189 2150 Petri
1210 2079 1251 2151 de
1274 2080 1362 2176 Olpe
1384 2080 1457 2150 Co·

472 2247 484 2266 ,a
573 2195 724 2273 loniensis
743 2194 981 2295 Typographi‚
1002 2198 1087 2269 circa
1111 2218 1214 2293 1477.

624 2317 705 2390 fust
718 2315 758 2389 de
773 2317 838 2388 hoc
855 2316 1145 2408 Plautianum,
1162 2340 1233 2414 pag.
1254 2316 1322 2408 68,
1339 2314 1392 2390 ubi
1410 2345 1461 2390 ra·
1530 2335 1544 2342 ”

574 2438 729 2511 tissimam
751 2462 788 2509 ac
810 2434 933 2531 penitius
954 2435 1096 2531 ignotam
1118 2432 1292 2509 editionem
1314 2436 1461 2533 appellat.

528 2684 583 2767 29
605 2649 849 2764 Bernardini
884 2652 935 2737 de
972 2649 1087 2741 Senis
1124 2680 1354 2759 tractatus,
1391 2681 1460 2741 seu

502 2827 504 2830 ’
583 2814 786 2872 sermones
804 2782 854 2869 de
873 2786 1147 2871 contractibus
1166 2811 1206 2870 et
1226 2789 1369 2874 usuris.
1393 2789 1460 2870 In·

583 2917 656 3005 fol.
682 2948 735 3022 m.
758 2948 791 3006 r.
822 2915 1125 3032 (Argentinae.)

623 3129 675 3201 Ex
706 3128 789 3201 foliis
821 3143 957 3219 cmm,
989 3129 1035 3200 sic
1062 3126 1256 3202 numeratis}
1277 3129 1461 3225 praecedunt

574 3267 697 3346 septem
720 3248 800 3319 folia
821 3246 954 3338 indicis„
969 3247 1095 3344 Paginae
1117 3274 1159 3319 ex
1188 3274 1233 3345 32
1257 3231 1369 3337 lineis3
1390 3252 1461 3321 uiti·

575 3394 629 3441 ma
654 3367 776 3440 tanturn
794 3393 834 3438 cx
858 3390 895 3462 13
918 3419 930 3456 ‚
953 3390 1030 3463 quas
1052 3354 1153 3438 verba
1172 3369 1242 3439 haec
1259 3370 1461 3466 subsequun-

536 3550 538 3557 ι
576 3507 651 3559 tur:
672 3489 759 3558 Laus
780 3509 808 3556 ct
830 3483 930 3555 bonor
957 3488 1042 3559 Deo.
1067 3485 1154 3557 Folia
1182 3504 1250 3558 non
1277 3488 1459 3583 signamur,

449 3697 452 3702 ἱ
577 3602 633 3675 sed
654 3623 858 3676 numerantur
882 3604 984 3675 modo
1012 3603 1176 3676 Romano.
1205 3604 1379 3676 Character
1402 3632 1459 3676 au-

576 3740 642 3791 tem
665 3720 750 3791 idem
770 3740 816 3791 est
837 3747 875 3793 ac
898 3721 1028 3792 Heurici
1048 3725 1259 3793 Ariminensis
1281 3725 1458 3820 Argentinae

576 3827 763 3932 impressum
783 3836 987 3939 ejusdemque
1009 3837 1131 3914 circiter
1148 3840 1311 3937 temporis.
