3742 5109
596 599 643 677 32
752 577 850 649 ΗΒ.
880 575 949 647 ΑΒ
979 537 1212 649 ruvru'r.
1242 563 1364 647 Tru.

690 716 891 811 Comparatis
912 735 1017 786 autem
1037 713 1190 810 praediclis
1211 713 1311 784 bibliis
1337 738 1412 786 cum
1438 714 1523 804 episi

643 839 713 932 rolis
737 833 913 905 Hierorrimi
924 889 938 921 ,
960 860 999 905 ea
1021 834 1180 904 emersisse
1201 834 1295 903 etiam
1313 858 1353 903 ex
1376 832 1523 903 Mantelil

643 952 772 1026 officina
799 951 949 1025 concludi
971 978 1100 1025 necesse
1129 971 1200 1041 est,
1231 952 1322 1043 (sive
1348 950 1521 1021 Mantelius

641 1071 736 1169 ipse,
763 1074 831 1144 sive
861 1072 938 1143 alter
961 1071 1078 1143 horum
1109 1073 1325 1147 characterum
1354 1068 1520 1165 emptione

640 1218 803 1288 possessor
824 1190 990 1285 evaserit.)
1187 1277 1190 1282 Ι

688 1309 747 1380 His
768 1308 848 1381 adde
870 1310 1007 1380 rationes
1033 1297 1179 1406 allegatas
1198 1337 1217 1381 a
1237 1304 1367 1381 Placido¹
1388 1309 1522 1399 BraunJ

639 1431 810 1526 exquibus
834 1426 994 1499 concludit
1014 1424 1078 1518 jam
1102 1428 1175 1499 ante
1201 1453 1321 1499 annum
1348 1429 1441 1518 1466
1471 1427 1520 1497 his

638 1549 722 1645 typis
750 1547 938 1618 Mantelium
960 1548 1124 1642 evulgasse
1142 1548 1211 1618 haec
1230 1548 1402 1618 bibliorum
1423 1546 1521 1616 volu-

638 1668 742 1752 mina,
755 1667 915 1762 multaque
929 1663 988 1735 alia
1000 1680 1070 1760 quae
1085 1667 1117 1735 in
1130 1662 1222 1756 hujus
1235 1665 1370 1761 catalogi
1382 1662 1521 1735 decursu

639 1786 697 1855 sub
721 1782 863 1854 Mantelii
886 1783 1018 1854 nomine
1041 1781 1200 1879 designata
1223 1801 1395 1854 recurrent.
1416 1780 1522 1852 Teste

580 1993 584 2006 ι
612 1940 614 1945 ·
638 1902 800 1971 Schwartz
817 1903 992 1992 imprimar.
1013 1904 1131 1970 docum.
1142 1901 1344 1993 purtcprimci
1360 1927 1436 1996 pag.
1458 1924 1521 1996 30.

637 2015 732 2090 Extat
750 2020 782 2087 in·
799 2019 948 2090 Biblioth.
975 2005 1102 2091 consist.
1124 2017 1300 2114 Studgard,
1318 2019 1420 2090 Biblia
1442 2037 1519 2114 ger-

635 2138 760 2209 manica
775 2138 808 2207 in
831 2154 968 2235 quorum
988 2137 1050 2207 fine
1072 2138 1202 2232 legitur:
1224 2140 1346 2229 explicit
1366 2140 1421 2206 iste
1443 2140 1520 2207 liler'

581 2297 583 2301 ·
635 2283 723 2328 anno
735 2261 816 2330 dom.
828 2259 991 2328 millesimo
1007 2259 1218 2352 quadringeni.
1230 2261 1418 2351 sexagesimo
1428 2277 1517 2325 sexto

629 2405 687 2470 per
695 2378 889 2451 venerabilem
897 2379 997 2447 virum
1008 2373 1124 2448 Mean.
1133 2375 1280 2443 Mentelin
1287 2377 1321 2442 in
1330 2374 1517 2469 Argentinrii

385 2591 407 2651 r
588 2600 639 2681 19
668 2570 798 2655 Biblia
811 2573 920 2700 sacra¹
934 2573 1092 2658 Latina.
1109 2568 1254 2654 In·fol.
1267 2572 1391 2655 Tomi
1404 2568 1516 2675 duo,

639 2733 694 2788 m.
718 2728 753 2789 ri

679 2864 806 2947 Tomus
835 2868 953 2971 primus
981 2874 1163 2950 terminatur
1191 2895 1266 2949 cum
1287 2867 1462 2973 psalteri0,
1482 2892 1515 2948 et
1575 2911 1577 2916 ·

631 2992 741 3091 quarti
762 2996 829 3065 folii
850 2995 1132 3086 colum113‚cujus
1153 2998 1261 3094 ultima
1284 3015 1316 3066 et
1334 2994 1403 3088 38².
1428 2994 1514 3066 linea

630 3112 674 3182 sic
684 3113 799 3184 habet:
814 3116 919 3184 Laude
935 3117 1029 3184 Dum
1046 3119 1184 3187 alleluia.
1203 3115 1338 3186 Caeterae
1356 3111 1436 3185 veri>
1450 3138 1513 3185 co⁴

628 3224 746 3303 lumnae
769 3232 888 3303 habent
911 3256 970 3322 41.

674 3350 800 3423 Tomus
812 3372 852 3433 Π.
870 3342 1010 3447 incipita
1026 3345 1182 3447 parabolis
1200 3340 1400 3437 Salomonis3
1416 3341 1512 3440 hujus·

626 3470 776 3541 columna
804 3462 904 3564 prima
928 3488 975 3542 est
997 3497 1043 3567 39
1064 3474 1199 3560 lineam,
1224 3472 1332 3541 ultima
1357 3462 1437 3539 verri
1460 3494 1514 3560 41·

537 3621 539 3625 ¹
626 3612 697 3683 quae
713 3589 756 3658 sic
777 3585 959 3659 terminatur
979 3594 1064 3662 vobis
1083 3618 1194 3681 amen,
1211 3607 1244 3663 et
1264 3589 1411 3659 mimator
1427 3588 1506 3659 sub-

628 3703 693 3773 dit:
710 3709 833 3796 explicit
855 3708 933 3775 Tom
954 3733 985 3777 2.
1013 3708 1115 3780 rimo.
1135 3710 1265 3801 (1470)
1286 3699 1394 3788 Bibliae
1414 3697 1510 3792 hujus

625 3811 786 3895 character
811 3816 896 3897 idem
918 3843 966 3897 est
994 3852 1060 3924 quo
1084 3817 1228 3900 utebatur
1250 3815 1416 3923 Eggestein
1445 3845 1511 3917 pro

1372 3941 1508 4014 decreto
1573 3975 1577 3982 ·
