3742 5109
378 601 456 648 ·'·
574 587 669 663 AD
718 587 993 665 ANNUM
1046 600 1152 688 1470:
1214 623 1217 628 ·
1273 618 1322 692 37

486 725 690 801 Terminatur
717 730 873 802 volumen
898 728 1031 825 registro
1062 729 1321 827 quintemionum

427 846 530 945 quod
562 867 727 946 utramque
766 849 913 946 paginam
945 867 1092 944 occupat.
1125 848 1225 920 Tituli
1258 850 1323 921 im-

425 965 634 1062 primuntur,
658 983 745 1038 caret
764 966 899 1061 signat,
921 968 1059 1037 numeris
1080 984 1113 1038 et
1135 964 1258 1040 custod.
1402 983 1409 993 ·

482 1083 612 1180 Paginae
641 1085 760 1155 habent
794 1087 841 1180 36
872 1084 1001 1175 lineas,
1031 1102 1064 1156 et
1093 1103 1217 1161 constat
1249 1109 1317 1187 275

429 1200 550 1287 foliis3
578 1202 738 1275 character
766 1221 813 1273 est
840 1228 1019 1294 romanus,
1046 1200 1102 1274 sed
1125 1219 1191 1274 tam
1208 1204 1319 1296 rudis,

430 1337 595 1416 tantaeque
613 1320 646 1390 in
663 1301 752 1391 tinea
773 1319 988 1417 obliquitatis,
1012 1341 1048 1392 ut
1067 1318 1114 1399 aa
1136 1321 1207 1391 airis
1229 1323 1320 1416 prii-

429 1437 517 1533 cipia
537 1436 621 1532 apud
642 1437 736 1509 Italos
764 1438 863 1533 possit
886 1456 918 1508 et
948 1436 1062 1510 debeat
1087 1439 1261 1529 revocari,
1288 1460 1322 1512 et

428 1555 581 1652 princeps
604 1552 702 1630 editio
726 1555 885 1653 appellari.
911 1554 1017 1629 Editio
1041 1558 1112 1631 haec
1135 1558 1198 1629 huc
1219 1583 1320 1653 usque

429 1672 547 1775 ignota
564 1674 736 1766 remansit,
759 1672 849 1772 quod
871 1673 978 1748 sciam.

373 1892 436 1978 28
467 1893 603 1977 Marci
627 1887 755 1977 Tullii
777 1893 988 1979 Ciceronis
1004 1891 1056 1978 de
1076 1891 1224 1979 finibus
1243 1892 1320 1980 bo·

350 2107 354 2118 ,
437 2051 590 2109 norum
617 2051 658 2109 et
685 2023 907 2136 malorum,
934 2025 1028 2111 libri
1049 2054 1091 2112 v.
1111 2030 1240 2142 Iri-40.
1266 2058 1321 2113 m.

437 2154 585 2247 violet.

370 2364 374 2373 ·
480 2292 611 2425 uagina
635 2329 764 2429 integrae
781 2350 854 2405 sunt
874 2358 919 2428 27
939 2333 1118 2423 linearum,
1133 2328 1242 2408 ultima
1263 2341 1324 2427 25.⁸

429 2444 597 2539 Debure,
619 2449 856 2548 bibliographiae
881 2452 943 2524 ΝΟ.
969 2450 1062 2546 2438
1076 2446 1096 2540 ,'
1110 2474 1184 2523 eam
1202 2447 1322 2521 descri-

427 2567 503 2661 bit,
529 2594 567 2639 ac
597 2566 741 2648 adscribit
765 2570 1003 2667 s'choyfher03
1027 2567 1085 2639 sed
1112 2569 1272 2661 catalogus
1292 2567 1324 2637 la

429 2684 611 2774 vallare,
641 2685 704 2760 ΝΟ.
738 2686 862 2788 2258,
893 2687 998 2759 Zellio
1036 2713 1108 2761 eam
1144 2684 1323 2776 adscribit,

426 2804 519 2875 circa
540 2830 660 2877 annum
689 2810 793 2901 1467.

484 2922 657 3017 Exemplar
669 2923 796 3023 elegans
812 2924 957 3001 editionis
971 2925 1080 3021 primae
1095 2923 1187 3016 hujus
1203 2922 1323 3019 operis'

373 3144 437 3229 29
468 3118 497 3209 J
499 3123 645 3203 oannis
666 3119 717 3206 de
736 3118 885 3207 fabrici
905 3146 1094 3206 tractatus
1113 3149 1230 3231 super
1253 3115 1322 3202 de-

437 3249 663 3336 claratione
685 3251 1024 3366 indulgentiarum
1042 3279 1323 3337 concessarum

278 3487 283 3497 .
433 3414 520 3502 pro
547 3385 752 3472 animabus
775 3394 818 3472 in
837 3394 1092 3505 purgatorio
1121 3383 1322 3498 (Magan-

306 3565 308 3572 ·
431 3520 541 3621 tia,
570 3516 668 3616 Fusa
695 3551 732 3607 et
757 3519 959 3636 Schoiffian
985 3519 1004 3631 )
1035 3516 1205 3608 In-fol..

475 3706 623 3779 Constat
638 3734 692 3780 sex
704 3710 809 3797 foliis;
833 3711 941 3783 ultima
953 3711 1067 3807 pagina
1079 3710 1261 3804 terminatur
1271 3711 1323 3781 fo·

417 3828 471 3903 lio
498 3850 625 3915 verso,
647 3852 721 3902 cum
744 3854 792 3926 27
812 3830 903 3906 ,tineis
915 3882 928 3923 ‚
955 3850 1076 3905 caeterae
1097 3828 1178 3900 verd
1200 3855 1240 3901 ex
1261 3852 1321 3926 43,

1091 3966 1122 4047 C
1142 3964 1171 4057 iij
