3742 5109
568 564 642 662 '276
834 554 1225 632 a1aR1sua

553 706 561 773 s
616 717 675 793 ori
705 713 773 791 folii
802 743 874 816 quae
911 718 958 789 his
991 718 1176 791 terminatur
1200 716 1340 793 verbis:
1371 727 1498 796 verbum

506 901 518 920 ,
615 864 687 924 carp
702 837 827 929 sacuam
843 860 930 921 estat
950 838 1100 909 habitavit
1114 840 1150 908 in
1171 841 1270 911 nobis.
1293 838 1378 913 Vide
1397 842 1498 914 etiam

593 954 710 1053 ‘aupaci
727 959 898 1050 quodlibeta
916 957 1017 1065 sancii
1042 955 1166 1030 stoma
1191 960 1271 1027 anni
1296 981 1383 1052 1471
1411 958 1498 1051 ejus-

614 1076 691 1149 dem
717 1073 942 1173 Typographi.

565 1316 621 1402 26
649 1314 865 1399 Decretum
881 1310 1089 1421 Gratiani,
1110 1340 1179 1396 seu
1200 1314 1494 1402 concordantia

581 1474 595 1512 ·-
620 1444 936 1533 discordantium
957 1472 1159 1529 canonum
1184 1476 1274 1530 cum
1302 1474 1494 1559 apparatu

616 1575 889 1669 Bartholom'ei
932 1576 1161 1661 Brixiensis.
1199 1576 1317 1691 Impt.
1368 1606 1491 1689 1472.

618 1710 750 1797 Idibus
775 1708 943 1821 Augusti
960 1740 1034 1820 per
1063 1708 1220 1790 Petrum
1247 1708 1491 1825 Schoyffher.

616 1841 768 1931 In·fol.
793 1844 992 1926 Maximo.
1018 1869 1074 1925 m.
1095 1870 1129 1925 r.

594 2065 596 2070 ·
658 2033 818 2110 Accuratc
840 2032 1024 2106 describitur
1050 2034 1092 2105 ab
1113 2050 1243 2107 auctore
1264 2035 1492 2132 Bibliographie

428 2224 431 2230 .
517 2191 519 2197 ·
611 2159 804 2246 inamoena,
821 2151 883 2225 ΝΟ.
903 2177 988 2249 917.

319 2419 347 2454 a
430 2374 433 2381 ’
559 2402 615 2479 27
644 2377 827 2459 Gratiani
848 2369 1050 2455 decretum
1075 2400 1165 2456 cum
1192 2395 1380 2481 apparatu
1405 2368 1491 2455 do-

614 2511 715 2595 mini
753 2506 844 2595 Joh.
887 2503 1091 2585 Teutonia
1135 2527 1175 2587 et
1215 2500 1490 2588 additionibus

552 2644 555 2650 ’
612 2620 887 2725 Bartholomei
915 2630 1148 2719 Brixiensis.
1177 2630 1296 2750 Impr.
1323 2669 1397 2749 per
1422 2669 1489 2718 ve·

554 2787 558 2796 '
614 2761 741 2866 neiab.
764 2767 886 2848 virum
916 2764 1138 2882 Heinricum
1166 2765 1382 2881 Eggesteyn
1415 2800 1489 2849 an·
1598 2845 1600 2852 ,

557 2996 560 3002 ,
614 2933 665 2985 no
697 2924 814 3010 1472.
841 2892 982 2979 In·fol.
1006 2898 1201 2982 Maximo.
1223 2928 1278 2982 m.
1301 2927 1335 2985 r.
1362 2898 1490 2984 Tomi

609 3028 710 3127 duo,
768 3109 770 3113 ,

654 3219 848 3317 Subscriptio
875 3219 995 3316 integra
1024 3220 1157 3292 habetur
1186 3221 1332 3319 catalogi,
1347 3225 1379 3294 la
1399 3224 1486 3295 Val-

605 3340 684 3413 licre
705 3328 767 3411 N0'.
795 3344 898 3428 1048.
925 3339 1096 3435 Exemplar
1118 3341 1182 3411 hoc
1208 3342 1365 3437 peculiare
1388 3342 1488 3414 habet

576 3499 578 3502 ·
605 3460 699 3542 fuisse
728 3456 850 3528 donum
877 3458 970 3554 ipsius
997 3457 1219 3555 Typogiaphi.
1248 3458 1299 3531 Sic
1330 3460 1416 3530 enim
1439 3461 1487 3531 le·

605 3576 687 3671 gitur
716 3574 749 3643 in
780 3574 870 3647 finez
891 3580 946 3645 iste
970 3578 1043 3645 liber
1067 3598 1111 3646 ast
1132 3580 1241 3648 domus
1268 3580 1382 3647 montis
1409 3581 1486 3647 bea·
1548 3625 1550 3630 <

605 3694 719 3762 tissime
744 3696 838 3761 marie
864 3694 991 3787 virginis
1012 3717 1109 3783 prope
1131 3694 1335 3789 Argentina,
1358 3696 1394 3796 ἱζι
1420 3722 1484 3788 quo

555 3851 561 3858 ·
604 3808 771 3881 connium
810 3811 956 3883 darcmm
1007 3807 1165 3881 Gratiani
1209 3836 1277 3885 cum
1320 3817 1483 3906 'apparatu
