3742 5109
523 546 1102 655 ADANNUM14600‘
1220 590 1263 658 31

430 692 521 786 Quis
543 711 649 766 autem
663 693 793 763 'horum
819 690 989 763 bibliorum
1011 693 1105 765 fuerit
1124 715 1272 795 typogra-

372 814 492 910 phus,
506 832 539 884 et
552 838 619 910 quo
635 812 738 901 loco,
755 836 863 907 quove
877 836 964 882 auno
977 811 1150 907 prodierint
1163 816 1180 898 ἒ,
1201 815 1267 908 jam

372 932 475 1005 extra
489 930 620 1003 dubium
637 956 705 1003 esse
726 928 858 1003 videtur.
882 930 1099 1003 Confotmitas
1126 937 1271 1009 omnium

382 1051 575 1148 capitalium
594 1076 670 1122 cum
688 1049 744 1119 illis
761 1050 861 1146 quarti
878 1049 947 1119 libri
968 1053 1004 1119 de
1026 1054 1164 1121 doctriua
1180 1058 1273 1126 mia·

378 1197 452 1260 no,
468 1169 653 1243 aMantelio
664 1168 805 1265 impressi
816 1194 828 1255 ;
841 1188 872 1240 et
883 1168 1043 1240 minorum
1054 1195 1129 1242 cum
1140 1176 1272 1264 epistolis

381 1292 448 1362 Sti.
468 1289 645 1358 Hieronimi
660 1284 744 1378 jam,
756 1311 842 1357 anno
859 1272 974 1382 1469’,
992 1290 1166 1383 compactis
1177 1292 1273 1364 biblia

385 1409 460 1479 haec
479 1406 637 1478 Mantelio
653 1405 875 1502 Argentinensi
893 1405 1043 1480 vindicat.
1064 1406 1157 1479 Ditm
1171 1410 1272 1482 aliun·

267 1613 271 1619 Ι
387 1524 432 1597 dt}
450 1543 578 1597 constat
595 1550 636 1595 ex
653 1523 770 1596 coaevis
792 1524 1014 1620 scriptoribus,
1037 1521 1101 1617 jam
1123 1527 1164 1598 ab
1187 1519 1296 1600 anno'

393 1642 486 1743 1458
506 1642 774 1741 typographiam,
792 1644 965 1714 exercuisse
978 1644 1080 1739 ipsum
1092 1645 1124 1713 in
1145 1645 1273 1742 Argen-

324 1836 326 1840 ,
391 1761 481 1853 tint,
498 1788 637 1859 quotum
648 1762 742 1833 instar
756 1763 794 1834 sit
805 1763 870 1857 ipse
881 1761 1041 1860 Philippus
1053 1762 1094 1833 de
1106 1764 1275 1860 lignamine

393 1880 559 1953 Romanus
571 1869 812 1979 Typogmphus
828 1882 934 1954 dicens
952 1882 984 1950 in
1000 1883 1141 1951 chronico
1156 1908 1275 1979 quam,

394 2025 480 2071 anno
505 2023 627 2093 1474,
648 2000 730 2097 typis
749 2000 882 2095 propriis
905 2000 1077 2096 vulgavit3
1105 2004 1163 2071 sub
1187 2028 1275 2072 anno

399 2116 490 2217 1458
503 2116 639 2220 thaeines
653 2143 769 2209 quoque
787 2120 966 2189 mentclmus
982 2141 1177 2211 nuncupatus
1193 2121 1280 2211 apud

396 2239 586 2332 argentinam
596 2236 1282 2328 ι]ἰι.ςαίιημνονιίιείιειὶνὶιαιιιπ,αεὶηεοάειιιΙ

396 2355 526 2444 artificio
537 2356 676 2447 peritus,
693 2358 819 2445 totidem
831 2377 932 2424 cartas
942 2381 999 2446 per
1019 2356 1097 2421 diem
1114 2356 1279 2446 imprimere

374 2563 377 2572 Ι
399 2476 583 2569 agnoscitur.
608 2473 640 2542 Si
661 2473 752 2569 igitur
772 2472 965 2562 Mantelius,
983 2474 1023 2544 ab
1047 2497 1133 2544 anno
1162 2461 1280 2571 145&

397 2612 495 2661 artem
527 2592 790 2689 typographicam
830 2591 1004 2664 exercuerit
1038 2616 1180 2689 opesque
1219 2594 1281 2662 im·

399 2734 523 2781 mensas
544 2712 577 2779 in
597 2736 638 2781 eo
661 2710 791 2805 opificio
811 2711 1012 2808 acquisierit,
1031 2712 1110 2784 sicut
1129 2712 1281 2807 probatur

386 2828 482 2923 ¹apud
509 2828 772 2924 Schoepflinum,
799 2828 946 2923 profecto
970 2830 1153 2901 innumeros
1178 2829 1280 2924 praelis

399 2946 459 3017 suis
478 2947 575 3017 libros
592 2946 743 3037 mandare
762 2944 880 3020 debuit.
899 2947 986 3019 cum
1005 2966 1112 3020 autem
1130 2948 1185 3018 vix
1200 2972 1281 3019 unus

400 3084 588 3160 agnoscatur
605 3066 740 3161 signatus
757 3066 894 3137 nominis
911 3063 1015 3137 sui'ac
1035 3067 1108 3135 anni
1126 3065 1223 3156 notai,
1241 3094 1282 3161 ex

398 3180 489 3273 hujus
506 3181 618 3254 notitii
635 3184 741 3255 caeteri
758 3203 830 3255 sunt
847 3183 1064 3280 investigandi.
1087 3185 1136 3254 Ea
1152 3205 1282 3280 propter

401 3326 441 3371 cx
453 3301 535 3371 libro
549 3304 583 3370 de
599 3324 664 3375 arte
668 3305 864 3395 predicandi,
882 3303 935 3399 qui
953 3321 1026 3372 ante
1037 3326 1156 3372 annum
1172 3304 1283 3392 1466,

400 3442 478 3489 cum
510 3418 603 3513 ipsius
631 3420 764 3491 nomine
786 3420 925 3515 prodiit,
952 3435 1141 3512 perventum
1169 3420 1284 3491 estad

399 3535 550 3624 notitiam
573 3539 766 3628 epistolatum
794 3539 992 3623 Hieronimi,
1020 3560 1097 3630 quas
1122 3524 1195 3608 aute
1223 3565 1283 3609 an-

400 3678 485 3732 num
513 3658 603 3746 1469
629 3656 755 3744 emisit,
778 3674 811 3725 et
834 3674 970 3750 utroque
994 3652 1152 3727 mediante
1174 3658 1284 3746 libro,

397 3768 573 3868 detegendi
590 3792 661 3847 sunt
677 3773 751 3866 alii,
769 3799 809 3847 ex
821 3772 1037 3848 characterum
1048 3774 1282 3849 conformitate.
