3742 5109
1477 632 1617 705 4η
2014 605 2796 681 Lrssarsuss

1666 745 1793 817 Sed
1838 745 2020 816 antea
2065 745 2518 817 advertendum
2549 801 2572 833 ,
2616 764 2849 841 praeter
2900 746 3205 820 alteram

1571 867 1815 937 tionem
1862 890 2002 960 quae
2036 864 2114 935 de
2157 889 2341 935 novo
2384 865 2719 935 Florentiae
2753 888 2941 934 anno
2997 888 3195 959 1491

1572 983 1684 1054 diit
1737 1008 1885 1053 cum
1937 984 2129 1054 tribus
2189 982 2430 1053 tantum
2489 1001 2556 1052 et
2616 980 2843 1052 iisdem
2899 982 3146 1079 figuris
3187 1036 3212 1072 ,

1575 1102 1751 1197 ligno
1796 1101 2001 1171 incisis
2049 1121 2111 1171 et
2154 1099 2417 1171 diversae
2457 1099 2792 1170 altitudinis
2853 1125 2935 1171 ac
2995 1126 3212 1196 prop<

1574 1222 1711 1308 nis,
1748 1220 2088 1290 maximam
2124 1239 2336 1290 extare
2370 1219 2434 1288 in
2467 1217 2936 1313 exemplaribus
2975 1219 3212 1313 primae

1576 1337 1761 1414 tionis
1839 1337 2316 1431 discrepantiam
2364 1391 2387 1427 ,
2457 1336 2506 1406 si
2576 1334 2870 1408 credatur
2950 1334 3212 1435 descril:

1573 1481 1763 1553 quam
1789 1509 1811 1544 ,
1848 1475 1995 1550 post
2029 1475 2270 1550 patrem
2315 1454 2625 1525 Frabricci
2653 1508 2675 1543 ,
2710 1453 2960 1547 publici
3016 1452 3182 1543 juris

1574 1576 1767 1646 abbas
1840 1574 1905 1645 S.
1985 1573 2184 1669 Leger
2249 1572 2272 1667 (
2308 1575 2527 1642 Lettres
2581 1570 2622 1641 ιὲ
2689 1572 2790 1644 Μ.
2868 1577 2922 1641 le
2998 1574 3212 1643 Baro)

1572 1694 1656 1762 H
1664 1696 1784 1766 *⁴2
1827 1694 2016 1762 Paris
2071 1690 2276 1786 1783.
2330 1689 2579 1781 In-80.)
2631 1690 2758 1760 Hic
2802 1690 2987 1761 enim
3039 1716 3212 1761 exen

1568 1810 2000 1881 Casanatense
2050 1809 2460 1896 describens,
2505 1807 2654 1879 dicit
2711 1807 2895 1904 quod
2947 1809 3210 1881 secund

1572 1952 1726 2021 gura
1774 1946 2196 2022 consequatur
2244 1925 2605 1996 immediate
2665 1926 3026 2019 capitulum
3098 1952 3125 1997 1
3153 1952 3212 2024 ¹¹.

1574 2044 1751 2141 quod
1800 2044 2024 2115 folium
2068 2046 2196 2115 hoc
2246 2046 2550 2140 signatum
2598 2043 2674 2112 sit
2721 2046 2747 2109 i
2794 2044 2908 2130 V,
2953 2044 3150 2139 quod
3192 2072 3212 2116 ‹

1576 2184 1800 2234 nostro
1834 2163 2185 2234 c'onvenire
2234 2163 2448 2259 nequit
2474 2217 2497 2249 ,
2534 2162 2595 2230 in
2630 2186 2763 2255 quo
2799 2161 3172 2255 capitulum

1573 2280 2031 2374 correspondet
2089 2280 2252 2351 foliis
2304 2280 2554 2375 signatis
2610 2306 2653 2347 n
2700 2278 2846 2346 V11
2896 2299 2964 2349 et
3021 2306 3070 2347 n
3120 2281 3212 2350 Vl

1572 2398 1638 2467 in
1684 2396 1860 2487 cujus
1903 2424 2092 2470 verso
2137 2418 2305 2469 extat
2337 2399 2533 2492 figura
2574 2394 2849 2467 secunda
2877 2450 2900 2482 ,
2946 2395 3114 2468 dum
3155 2399 3212 2489 si

1570 2634 1913 2729 respondet
1956 2636 2233 2728 capitulo
2279 2658 2373 2727 74
2424 2634 2486 2703 in
2535 2659 2665 2729 quo
2707 2632 2908 2727 agitur
2955 2632 3046 2704 de
3090 2659 3212 2706 cor

1477 2792 1481 2797 ·
1570 2752 1747 2821 tione
1796 2752 2081 2845 paterna.

1665 2906 1943 2975 Aliunde
2007 2906 2154 2975 dicit
2213 2909 2473 3001 figuram
2524 2908 2866 2978 secundam
2929 2910 3132 2980 altam
3193 2937 3212 2980 <

1566 3045 1712 3095 tuor
1742 3024 2072 3119 pollicibus
2109 3049 2256 3094 cum
2285 3026 2460 3094 lineis
2497 3027 2773 3122 quinque
2795 3080 2817 3112 ‚
2859 3046 2924 3096 et
2958 3023 3212 3097 latam‘s

1568 3145 1747 3215 tertia
1788 3170 1899 3213 sex
1942 3143 2270 3237 pollicibus
2297 3197 2319 3232 ‚
2364 3143 2512 3213 dum
2556 3142 2715 3215 vero
2758 3144 2820 3213 in
2863 3164 3099 3217 nostro
3148 3172 3212 3217 or

1566 3283 1675 3360 pat
1726 3264 2030 3358 integram
2076 3262 2318 3360 paginae
2361 3264 2770 3357 capacitatem
2799 3316 2821 3347 ‚
2865 3259 3144 3335 sicut‘et
3203 3268 3212 3333 l

1567 3383 1784 3451 rentiae
1822 3384 1883 3450 in
1917 3382 2371 3476 exemplaribus
2410 3379 3074 3474 Magliabechianaeet
3111 3381 3212 3453 do:

1567 3499 1989 3569 Annunciatae
2033 3500 2555 3569 bibliothecarum
2590 3525 2605 3568 :
2657 3497 2832 3593 quod
2876 3497 3074 3568 etiam
3121 3526 3212 3596 po

1568 3615 1860 3687 affirmari
1894 3616 1974 3687 de
2025 3643 2107 3687 eo
2153 3617 2422 3711 catalogi
2457 3618 2519 3686 la
2561 3614 2888 3698 Vallidre3
2937 3615 3002 3684 in
3048 3644 3188 3712 quo

1568 3733 1947 3807 siderabatur
2000 3735 2226 3831 folium
2273 3735 2559 3803 ultimum
2607 3733 2940 3825 signaturae
2990 3733 3062 3804 N
3092 3789 3116 3825 ,
3164 3764 3210 3833 q

1566 3853 1631 3923 in
1676 3870 1895 3922 nostro
1939 3851 2140 3946 reipsa
2172 3849 2513 3924 secundam
2558 3848 2810 3921 exhibet
2847 3848 3144 3944 figuram.
