3742 5109
423 647 426 653 ·
517 606 599 686 3162·
691 594 1117 672 LIBRIABANNO
1147 620 1260 695 1470,

566 742 672 830 dum,
693 737 822 811 sedente
848 737 938 811 Sixto
959 737 1034 829 lv,
1056 730 1203 834 adebque
1229 739 1261 807 in
1289 734 1444 835 principio

565 860 640 932 anni
665 881 767 949 1472.
1528 844 1558 868 '⁵

615 978 691 1048 Hoc
710 975 870 1072 exemplar
881 992 928 1045 est
944 972 1066 1045 eximiae
1079 974 1340 1047 conservationis.
1355 976 1445 1047 Alte·

566 1122 635 1167 uam
650 1094 891 1165 Bononiensem
904 1092 1016 1163 Ovidii
1028 1091 1219 1182 editionem,
1237 1094 1310 1163 anni
1332 1117 1418 1188 1471
1433 1111 1448 1185 ‚⁴

565 1215 674 1286 videre
702 1212 778 1281 mihi
805 1211 936 1307 contigit
964 1209 1048 1306 apud
1075 1211 1250 1283 canonicos
1275 1211 1447 1284 Patavinos

565 1358 639 1405 cum
660 1330 819 1427 permultis
838 1329 1026 1401 editionibus
1048 1329 1112 1399 aliis
1133 1329 1294 1425 primaevae
1312 1331 1447 1428 antiqui·
1548 1370 1551 1378 ·

564 1450 634 1522 tatis
656 1470 687 1533 et
707 1427 837 1547 quidem
857 1450 895 1529 in
913 1446 1117 1546 pergameni.

512 1672 597 1761 *149
628 1649 775 1763 Magni
807 1645 933 1731 Turci
968 1642 1161 1756 Epistolae
1191 1675 1214 1728 a
1243 1644 1445 1731 Laudinio
1506 1730 1508 1732 ,

463 1837 465 1841 1
569 1784 720 1895 Equite
752 1774 1054 1891 Hyerosolimit.
1080 1775 1292 1864 translatae.
1316 1783 1444 1893 ln-40.

567 1942 624 1999 m.
641 1911 754 2001 verd.
771 1961 773 1965 ·

611 2105 691 2176 Sunt
714 2127 762 2199 90
784 2128 920 2176 numero
948 2122 981 2176 et
1005 2075 1114 2175 ultina
1138 2103 1252 2201 pagina
1280 2105 1375 2177 habet
1400 2126 1440 2177 21

489 2296 492 2303 ,
561 2224 671 2295 lineas.
700 2222 905 2295 Terminatut
927 2223 994 2294 sic:
1023 2224 1073 2295 D.
1088 2225 1182 2314 finis.
1208 2228 1245 2292 S.
1272 2223 1446 2295 Character

455 2415 457 2417 ,
561 2343 689 2439 elegans
709 2332 741 2413 et
761 2342 938 2416 Romanus.
961 2342 1125 2437 Signatura
1140 2340 1250 2421 ultima
1268 2340 1298 2412 C
1314 2365 1348 2431 4.

384 2570 397 2593 ·
511 2535 857 2651 {15001nniboni
893 2532 1195 2649 (Leoniceni)
1239 2537 1448 2625 Vicentini

571 2694 761 2755 tractatus
787 2668 838 2753 ad
864 2666 1150 2755 scandendum.
1177 2671 1309 2769 In·4⁰.
1351 2779 1354 2785 Ι
1436 2664 1437 2668 '

611 2865 662 2934 Ex
683 2888 728 2953 14
750 2864 891 2958 plagulis.
913 2861 1088 2934 Character
1108 2880 1156 2933 est
1178 2861 1360 2944 Romanus.¹
1381 2860 1447 2933 Pri·

566 3008 619 3053 ma
642 2982 756 3077 pagina
779 2998 810 3050 et
832 2980 940 3051 ultima
963 3004 1003 3075 23
1029 2981 1194 3053 linearum.

613 3118 673 3189 His
690 3117 815 3189 duobus
836 3117 1021 3189 terminatur
1042 3119 1208 3190 versibus:

616 3278 766 3346 Carmina
785 3278 839 3368 qui
859 3278 941 3346 docte
951 3272 1059 3361 ⁴tentat
1072 3286 1214 3369 coponem
1227 3279 1338 3369 primii

640 3397 775 3465 Discat:
795 3420 860 3486 que
872 3398 1035 3465 omnibon⁹
1047 3400 1104 3464 lux
1120 3421 1188 3463 mea
1201 3397 1347 3486 coposuit.

525 3576 600 3665 151
633 3548 766 3635 Publii
806 3550 942 3635 Ovidii
974 3552 1149 3637 Nasonis
1184 3548 1275 3634 libri
1312 3549 1445 3651 Meta-

464 3706 466 3709 ’
513 3708 515 3711 ·
575 3682 850 3792 morphoseos.
877 3681 1017 3767 In·fol.

619 3852 677 3925 His
696 3852 805 3952 incipit
825 3856 989 3930 versibus:
1011 3857 1099 3929 Orba
1113 3876 1240 3959 parente
1260 3879 1344 3948 suo,
1366 3871 1431 3933 etei
